[
  {
    "id": "rec0156LnM67m2GUr",
    "info": {
      "Code Produit QotQot": "FR63.0222.01376",
      "FOURNISSEUR": "CLAC!",
      "Produit": "Mousse de carotte au bleu d'Auvergne *Trophée d'Argent NATEXPO 2018 ",
      "Catégorie": ["Épicerie salée"],
      "Type": ["Tartinables"],
      "Spécificité": "Fromages",
      "Statut": "Référencé",
      "Dispo": "En stock",
      "Prix d'achat unitaire €HT": 2.45,
      "Descriptif Produit": "Ce petit pot original en étonnera plus d'un !\nPremière née de la gamme et best-seller, cette mousse allie la douceur et la puissance grâce au mélange de la carotte et du bleu d'Auvergne AOP. \nCette recette au fromage d'Auvergne AOP est cuisinée avec des produits frais.\nPriorité au circuit-court grâce au partenariat avec une douzaine de producteurs locaux auvergnats. De fortes valeurs pour un apéro réussi !",
      "Image produits sans fond": [
        {
          "id": "attwr5DkgA4B1OjDz",
          "width": 495,
          "height": 504,
          "url": "https://dl.airtable.com/.attachments/f2370a4ce647606a17313f71dc098c02/08e88904/tartinable-aperitif-bio-mousse-carotte-bleu-d-auvergne-removebg-preview.png?ts=1654586294&userId=usrF6kLgBaja75CMj&cs=67a6126719f215b8",
          "filename": "tartinable-aperitif-bio-mousse-carotte-bleu-d-auvergne-removebg-preview.png",
          "size": 298893,
          "type": "image/png",
          "thumbnails": {
            "small": {
              "url": "https://dl.airtable.com/.attachmentThumbnails/3d0a9e8149e9fd5746a085e6acedfa1c/b24ae266?ts=1654586294&userId=usrF6kLgBaja75CMj&cs=0c74fe9469c66e3c",
              "width": 35,
              "height": 36
            },
            "large": {
              "url": "https://dl.airtable.com/.attachmentThumbnails/4055e5ea406a2307873137d2dae7b210/3b31a717?ts=1654586294&userId=usrF6kLgBaja75CMj&cs=e62ce2248468b2fb",
              "width": 495,
              "height": 504
            },
            "full": {
              "url": "https://dl.airtable.com/.attachmentThumbnails/92224430ff3c3f19e9c45964f01a9293/4e4401bf?ts=1654586294&userId=usrF6kLgBaja75CMj&cs=ba134c4f155117df",
              "width": 3000,
              "height": 3000
            }
          }
        }
      ],
      "EAN 13": { "text": "3770009413022" },
      "SIQO": ["BIO"],
      "DDM (mois)": 24,
      "UVC - Conditionnement": "bocal verre",
      "UVC - Poids/vol": 100,
      "UVC - Unité": "g",
      "Prix d'achat kg/g/L €HT": 24.5,
      "Unité d'achat(X*UV)": 12,
      "Tx TVA": 0.055,
      "Produit Particulier": true,
      "Tarif Particulier TTC": 4.1356,
      "numéro": 1376,
      "Code Fournisseur (from Fournisseurs)": "FR63.0222",
      "Département (from Coordonnées Sociétés)": ["PUY DE DÔME"],
      "Franco €": "€300",
      "DESIGNATION": "MOUSSE DE CAROTTE AU BLEU D'AUVERGNE *TROPHÉE D'ARGENT NATEXPO 2018  - BIO",
      "Conditionnement": "bocal verre 100 g",
      "Tarif Pro (HT)": 3.6750000000000003,
      "Tarif Pro (HT) au Kg/L": 36.75000000000001,
      "Unité Vente": 1,
      "Tarif Particulier TTC Arrondi": 4.2,
      "LABEL": [
        {
          "id": "attdzLJnjcNd0rRmE",
          "width": 1335,
          "height": 606,
          "url": "https://dl.airtable.com/.attachments/0e9e633af4f109241b1f6cc70f2cb0bc/fe8d7a9e/Capture-2.png?ts=1654586294&userId=usrF6kLgBaja75CMj&cs=aea7a14f8a72c9bc",
          "filename": "Capture-2.png",
          "size": 105113,
          "type": "image/png",
          "thumbnails": {
            "small": {
              "url": "https://dl.airtable.com/.attachmentThumbnails/5e394e47a9ef364059f4dd554b2473c3/1cd419bf?ts=1654586294&userId=usrF6kLgBaja75CMj&cs=2215178bbd0704ff",
              "width": 79,
              "height": 36
            },
            "large": {
              "url": "https://dl.airtable.com/.attachmentThumbnails/e8ae48781a550c1899f42cc102006df4/47cf57c9?ts=1654586294&userId=usrF6kLgBaja75CMj&cs=0f384d2befc8856f",
              "width": 1128,
              "height": 512
            },
            "full": {
              "url": "https://dl.airtable.com/.attachmentThumbnails/4b4f2305169a6254d9ae9f526c9dedef/b11e2141?ts=1654586294&userId=usrF6kLgBaja75CMj&cs=12316e7ecbc90f2c",
              "width": 3000,
              "height": 3000
            }
          }
        }
      ],
      "Image produits avec fond": [
        {
          "id": "attwr5DkgA4B1OjDz",
          "width": 495,
          "height": 504,
          "url": "https://dl.airtable.com/.attachments/f2370a4ce647606a17313f71dc098c02/08e88904/tartinable-aperitif-bio-mousse-carotte-bleu-d-auvergne-removebg-preview.png?ts=1654586294&userId=usrF6kLgBaja75CMj&cs=67a6126719f215b8",
          "filename": "tartinable-aperitif-bio-mousse-carotte-bleu-d-auvergne-removebg-preview.png",
          "size": 298893,
          "type": "image/png",
          "thumbnails": {
            "small": {
              "url": "https://dl.airtable.com/.attachmentThumbnails/3d0a9e8149e9fd5746a085e6acedfa1c/b24ae266?ts=1654586294&userId=usrF6kLgBaja75CMj&cs=0c74fe9469c66e3c",
              "width": 35,
              "height": 36
            },
            "large": {
              "url": "https://dl.airtable.com/.attachmentThumbnails/4055e5ea406a2307873137d2dae7b210/3b31a717?ts=1654586294&userId=usrF6kLgBaja75CMj&cs=e62ce2248468b2fb",
              "width": 495,
              "height": 504
            },
            "full": {
              "url": "https://dl.airtable.com/.attachmentThumbnails/92224430ff3c3f19e9c45964f01a9293/4e4401bf?ts=1654586294&userId=usrF6kLgBaja75CMj&cs=ba134c4f155117df",
              "width": 3000,
              "height": 3000
            }
          }
        }
      ],
      "Nom complet Produit pour formulaire de Mouvement de Stock": "bocal verre 100 g-MOUSSE DE CAROTTE AU BLEU D'AUVERGNE *TROPHÉE D'ARGENT NATEXPO 2018  - BIO//CLAC!//FR63.0222.01376",
      "Prix de vente € TTC conseillé": 4.2,
      "Prix de vente typeform € TTC": 4.6,
      "DESIGNATION TYPEFORM": "Mousse de carotte au bleu d'Auvergne *Trophée d'Argent NATEXPO 2018  - 100g - BIO // 4.60€",
      "Hypothèse 15% marge px pro": 4.561323529411765,
      "CATEGORIE/TYPE": "Épicerie salée>Tartinables",
      "Condi.": "bocal verre\n100 g",
      "Disponibilité": "En stock",
      "PRODUCTEUR": "CLAC!",
      "Spécificités": "Fromages",
      "Commande Fournisseurs": "FR63.0222-08/03/2022",
      "Désignation Produit": "MOUSSE DE CAROTTE AU BLEU D'AUVERGNE *TROPHÉE D'ARGENT NATEXPO 2018  - BIO - bocal verre 100 g",
      "Désignation Produit 1 ligne": "MOUSSE DE CAROTTE AU BLEU D'AUVERGNE *TROPHÉE D'ARGENT NATEXPO 2018  - BIO - bocal verre 100 g",
      "Unité de vente détaillée": "1 X 100 g",
      "Délais d'appro (jours) (from FOURNISSEUR)": "6",
      "Nom de la Société (from FOURNISSEUR)": "CLAC!",
      "Descriptif Producteur (from FOURNISSEUR)": "Fondée en juillet 2017, CLAC, la Conserverie Locale Artisanale & Créative, imagine et fabrique des tartinables apéritifs à partir d'ingrédients bio & locaux. Nous travaillons avec une quinzaine de producteurs d'Auvergne pour vous offrir des goûts originaux 100% naturels. CLAC, c'est également des légumes cuisinés, des sauces et des soupes fabriqués avec coeur et passion dans notre atelier de Cournon d'Auvergne",
      "Photos Producteurs (from FOURNISSEUR)": [
        {
          "id": "att57lDlQ1Uf8uR6d",
          "width": 480,
          "height": 370,
          "url": "https://dl.airtable.com/.attachments/65f6e5b664a80fc264a63f947393d989/5572920a/julien_Anglade_518eecd7-fccb-433a-b4a1-37db1dbbe0a5_large.PNG?ts=1654586294&userId=usrF6kLgBaja75CMj&cs=c362bb2e91847096",
          "filename": "julien_Anglade_518eecd7-fccb-433a-b4a1-37db1dbbe0a5_large.PNG",
          "size": 277189,
          "type": "image/png",
          "thumbnails": {
            "small": {
              "url": "https://dl.airtable.com/.attachmentThumbnails/8622bbda081521db50632334635c4541/a78bc5c1?ts=1654586294&userId=usrF6kLgBaja75CMj&cs=723722741647c0d6",
              "width": 47,
              "height": 36
            },
            "large": {
              "url": "https://dl.airtable.com/.attachmentThumbnails/971526aafba7c228407ab0ec1523c864/0559e2c0?ts=1654586294&userId=usrF6kLgBaja75CMj&cs=3b686b1c31661aa7",
              "width": 480,
              "height": 370
            },
            "full": {
              "url": "https://dl.airtable.com/.attachmentThumbnails/98ab59b9f44b1fcd993d894af39996b5/bbccdbb1?ts=1654586294&userId=usrF6kLgBaja75CMj&cs=a9909762992aff14",
              "width": 3000,
              "height": 3000
            }
          }
        }
      ],
      "Label (from FOURNISSEUR)": ["AB"],
      "LABEL LOGO (from FOURNISSEUR)": [
        {
          "id": "atthdViQyZ14LUu8l",
          "width": 1335,
          "height": 606,
          "url": "https://dl.airtable.com/.attachments/0d38d4bd251d74a58a370972d36e2d16/bbd1e6dd/Capture-2.png?ts=1654586294&userId=usrF6kLgBaja75CMj&cs=5613e82b554bf6db",
          "filename": "Capture-2.png",
          "size": 105113,
          "type": "image/png",
          "thumbnails": {
            "small": {
              "url": "https://dl.airtable.com/.attachmentThumbnails/d29e6895f30966e9dd650c26d42c694c/528b8acc?ts=1654586294&userId=usrF6kLgBaja75CMj&cs=4a7960b96ffd4eb6",
              "width": 79,
              "height": 36
            },
            "large": {
              "url": "https://dl.airtable.com/.attachmentThumbnails/43bc2d03176c12b59a06a15126d895c5/2d781fa8?ts=1654586294&userId=usrF6kLgBaja75CMj&cs=2d8a117035c3edfd",
              "width": 1128,
              "height": 512
            },
            "full": {
              "url": "https://dl.airtable.com/.attachmentThumbnails/c10f50df2e56d08c78870d0f258cabc7/c7210777?ts=1654586294&userId=usrF6kLgBaja75CMj&cs=bd975310d2340565",
              "width": 3000,
              "height": 3000
            }
          }
        }
      ],
      "Département (from FOURNISSEUR)": ["PUY DE DÔME"],
      "Code Postal (from FOURNISSEUR)": "63800",
      "Ville (from FOURNISSEUR)": "COURNON D'AUVERGNE",
      "STOCK DISPO (from Passerelle Stock vers BDD Produits/Producteurs)": "3",
      "Import CSV Shopify": "FR63.0222.01376",
      "Localisation (from FOURNISSEUR)": "63800 - COURNON D'AUVERGNE - PUY DE DÔME"
    },
    "name": "Mousse de carotte au bleu d'Auvergne *Trophée d'Argent NATEXPO 2018 ",
    "weight": "bocal verre 100 g",
    "price": "2.45",
    "pricePerKg": "24.50",
    "stock": "En stock",
    "picture": "https://dl.airtable.com/.attachments/f2370a4ce647606a17313f71dc098c02/08e88904/tartinable-aperitif-bio-mousse-carotte-bleu-d-auvergne-removebg-preview.png?ts=1654586294&userId=usrF6kLgBaja75CMj&cs=67a6126719f215b8"
  },
  {
    "id": "rec01XYlIS8RtKri0",
    "info": {
      "Code Produit QotQot": "FR26.0019.01315",
      "FOURNISSEUR": "Provence Alpes",
      "Produit": "Caviar d'artichaut",
      "Catégorie": ["Épicerie salée"],
      "Type": ["Tartinables"],
      "Spécificité": "Artichaut",
      "Statut": "Référencé",
      "Dispo": "En stock",
      "Prix d'achat unitaire €HT": 1.41,
      "Descriptif Produit": "Ingrédients : artichauts 73,7%, huile d’olive, crème (lait), sel, concentré de citron, menthe, poivre, conservateur : acide sorbique.\nAllergènes présents dans le produit: produits laitiers",
      "Image produits sans fond": [
        {
          "id": "attgYNdGUX9LOWF3T",
          "width": 493,
          "height": 506,
          "url": "https://dl.airtable.com/.attachments/a016899564061c833b286173432f27b9/e54e73ec/Caviar_d_artichaut-removebg-preview.png?ts=1654586294&userId=usrF6kLgBaja75CMj&cs=c45f35dde3eac238",
          "filename": "Caviar_d_artichaut-removebg-preview.png",
          "size": 301107,
          "type": "image/png",
          "thumbnails": {
            "small": {
              "url": "https://dl.airtable.com/.attachmentThumbnails/a94413c826976c030191feef12d1608c/9ea87e89?ts=1654586294&userId=usrF6kLgBaja75CMj&cs=4666b50a69c28975",
              "width": 35,
              "height": 36
            },
            "large": {
              "url": "https://dl.airtable.com/.attachmentThumbnails/b316e0b950f07e01c2865dc983fbccfe/81026230?ts=1654586294&userId=usrF6kLgBaja75CMj&cs=dd38545e8b1d6e4d",
              "width": 493,
              "height": 506
            },
            "full": {
              "url": "https://dl.airtable.com/.attachmentThumbnails/29b7acca4e4dd553ccdae2803100808d/aa45a417?ts=1654586294&userId=usrF6kLgBaja75CMj&cs=2758f0ba874581d8",
              "width": 3000,
              "height": 3000
            }
          }
        }
      ],
      "UVC - Conditionnement": "bocal verre",
      "UVC - Poids/vol": 100,
      "UVC - Unité": "g",
      "Prix d'achat kg/g/L €HT": 14.1,
      "Unité d'achat(X*UV)": 6,
      "Tx TVA": 0.055,
      "Produit Pro": true,
      "Produit Particulier": true,
      "Tarif Particulier TTC": 2.3800799999999995,
      "numéro": 1315,
      "Code Fournisseur (from Fournisseurs)": "FR26.0019",
      "Département (from Coordonnées Sociétés)": ["DRÔME"],
      "DESIGNATION": "CAVIAR D'ARTICHAUT",
      "Conditionnement": "bocal verre 100 g",
      "Tarif Pro (HT)": 2.1149999999999998,
      "Tarif Pro (HT) au Kg/L": 21.15,
      "Unité Vente": 1,
      "Tarif Particulier TTC Arrondi": 2.4000000000000004,
      "Image produits avec fond": [
        {
          "id": "attJbrEZ40QMDfdKT",
          "width": 1747,
          "height": 1791,
          "url": "https://dl.airtable.com/.attachments/374574360ce9c87e462ae5391b440471/ada82866/Caviardartichaut.jpg?ts=1654586294&userId=usrF6kLgBaja75CMj&cs=55e88b6d82cdf893",
          "filename": "Caviar d'artichaut.jpg",
          "size": 701949,
          "type": "image/jpeg",
          "thumbnails": {
            "small": {
              "url": "https://dl.airtable.com/.attachmentThumbnails/0f323e3724f532fa0fcf0d613f0204cf/3db1967e?ts=1654586294&userId=usrF6kLgBaja75CMj&cs=22a510395860568c",
              "width": 35,
              "height": 36
            },
            "large": {
              "url": "https://dl.airtable.com/.attachmentThumbnails/dc59cbd4589a4b05346f633e8357eb27/e5d5270e?ts=1654586294&userId=usrF6kLgBaja75CMj&cs=5f651a88afea6734",
              "width": 512,
              "height": 525
            },
            "full": {
              "url": "https://dl.airtable.com/.attachmentThumbnails/9b50450cffe961a70832eceb41418689/ba6b54d3?ts=1654586294&userId=usrF6kLgBaja75CMj&cs=a2519d2d501afce1",
              "width": 3000,
              "height": 3000
            }
          }
        }
      ],
      "Nom complet Produit pour formulaire de Mouvement de Stock": "bocal verre 100 g-CAVIAR D'ARTICHAUT//Provence Alpes//FR26.0019.01315",
      "Prix de vente typeform € TTC": 3.4,
      "DESIGNATION TYPEFORM": "Caviar d'artichaut - 100g -  // 3.40€",
      "Hypothèse 15% marge px pro": 2.625088235294117,
      "CATEGORIE/TYPE": "Épicerie salée>Tartinables",
      "Condi.": "bocal verre\n100 g",
      "Disponibilité": "En stock",
      "PRODUCTEUR": "PROVENCE ALPES",
      "Spécificités": "Artichaut",
      "Désignation Produit": "CAVIAR D'ARTICHAUT - bocal verre 100 g",
      "Désignation Produit 1 ligne": "CAVIAR D'ARTICHAUT - bocal verre 100 g",
      "Unité de vente détaillée": "1 X 100 g",
      "Délais d'appro (jours) (from FOURNISSEUR)": "10",
      "Nom de la Société (from FOURNISSEUR)": "Provence Alpes",
      "Descriptif Producteur (from FOURNISSEUR)": "Provence Alpes   L’histoire de Provence Alpes débute avec Monsieur Claude DIEMOZ qui a œuvré au niveau national à la création de l’Institut ITEIPMAI. Également producteur de plantes aromatiques, il a créé la société GEL’PAM (1992), dont l’activité est la surgélation de plantes aromatiques cultivées en Drôme (premier département Français producteur de plantes aromatiques).  La société Provence Alpes est implantée au cœur de la Drôme depuis plus de 20 ans. Son objectif est d’élaborer les meilleures sauces et aides culinaires afin de satisfaire au mieux les exigences de ses clients. Ses produits sont réalisés à partir de matières premières, rigoureusement sélectionnées et en privilégiant les origines locales du premier département Français producteur de plantes aromatiques. La satisfaction des clients est une priorité pour Provence Alpes. Pour ce faire, l’entreprise fait preuve d’une grande réactivité face à la demande. Forte de son expérience en matière de création de recettes, la société Provence Alpes est à même de vous proposer une large gamme de produits. Elle peut vous aider à élaborer et fabriquer vos propres formules et à adapter des recettes à vos besoins.",
      "Photos Producteurs (from FOURNISSEUR)": [
        {
          "id": "attRVuNQ27ZQ1h630",
          "width": 450,
          "height": 332,
          "url": "https://dl.airtable.com/.attachments/71d722d4f2004abe534ec162be51abd2/cce3870b/CDIEMOZ.png?ts=1654586294&userId=usrF6kLgBaja75CMj&cs=d815af8bf708af02",
          "filename": "CDIEMOZ.png",
          "size": 333867,
          "type": "image/png",
          "thumbnails": {
            "small": {
              "url": "https://dl.airtable.com/.attachmentThumbnails/104b46b4147bd61450a405fbeef809b3/e94b27d9?ts=1654586294&userId=usrF6kLgBaja75CMj&cs=d09556c9e0d64dd3",
              "width": 49,
              "height": 36
            },
            "large": {
              "url": "https://dl.airtable.com/.attachmentThumbnails/ad310d2e471214c1c6d78c12cbb15657/ec767575?ts=1654586294&userId=usrF6kLgBaja75CMj&cs=0a89f85a99730bc2",
              "width": 450,
              "height": 332
            },
            "full": {
              "url": "https://dl.airtable.com/.attachmentThumbnails/720280978ef0b142a25e24a3d7ddd97d/d83adc28?ts=1654586294&userId=usrF6kLgBaja75CMj&cs=d50b9fb9662c7558",
              "width": 3000,
              "height": 3000
            }
          }
        }
      ],
      "Label (from FOURNISSEUR)": ["AB"],
      "LABEL LOGO (from FOURNISSEUR)": [
        {
          "id": "atthdViQyZ14LUu8l",
          "width": 1335,
          "height": 606,
          "url": "https://dl.airtable.com/.attachments/0d38d4bd251d74a58a370972d36e2d16/bbd1e6dd/Capture-2.png?ts=1654586294&userId=usrF6kLgBaja75CMj&cs=5613e82b554bf6db",
          "filename": "Capture-2.png",
          "size": 105113,
          "type": "image/png",
          "thumbnails": {
            "small": {
              "url": "https://dl.airtable.com/.attachmentThumbnails/d29e6895f30966e9dd650c26d42c694c/528b8acc?ts=1654586294&userId=usrF6kLgBaja75CMj&cs=4a7960b96ffd4eb6",
              "width": 79,
              "height": 36
            },
            "large": {
              "url": "https://dl.airtable.com/.attachmentThumbnails/43bc2d03176c12b59a06a15126d895c5/2d781fa8?ts=1654586294&userId=usrF6kLgBaja75CMj&cs=2d8a117035c3edfd",
              "width": 1128,
              "height": 512
            },
            "full": {
              "url": "https://dl.airtable.com/.attachmentThumbnails/c10f50df2e56d08c78870d0f258cabc7/c7210777?ts=1654586294&userId=usrF6kLgBaja75CMj&cs=bd975310d2340565",
              "width": 3000,
              "height": 3000
            }
          }
        }
      ],
      "Département (from FOURNISSEUR)": ["DRÔME"],
      "Code Postal (from FOURNISSEUR)": "26270",
      "Ville (from FOURNISSEUR)": "Saulce sur Rhône",
      "STOCK DISPO (from Passerelle Stock vers BDD Produits/Producteurs)": "2",
      "Import CSV Shopify": "FR26.0019.01315",
      "Localisation (from FOURNISSEUR)": "26270 - SAULCE SUR RHÔNE - DRÔME"
    },
    "name": "Caviar d'artichaut",
    "weight": "bocal verre 100 g",
    "price": "1.41",
    "pricePerKg": "14.10",
    "stock": "En stock",
    "picture": "https://dl.airtable.com/.attachments/a016899564061c833b286173432f27b9/e54e73ec/Caviar_d_artichaut-removebg-preview.png?ts=1654586294&userId=usrF6kLgBaja75CMj&cs=c45f35dde3eac238"
  },
  {
    "id": "rec0cguxNDu8gyr0d",
    "info": {
      "Code Produit QotQot": "FR63.0222.01411",
      "FOURNISSEUR": "CLAC!",
      "Produit": "Douceur de quinoa coco carotte ",
      "Catégorie": ["Épicerie salée"],
      "Type": ["Plats cuisinés"],
      "Spécificité": "Légumes",
      "Statut": "Référencé",
      "Dispo": "En rupture",
      "Prix d'achat unitaire €HT": 3.45,
      "Descriptif Produit": "Cette recette à base de quinoa viendra égayer vos papilles grâce à la douceur de la crème de coco et la légèreté de la carotte. Idéale pour accompagner viandes et poissons.\n\nPriorité au circuit-court grâce au partenariat avec une douzaine de producteurs locaux auvergnats.\n\nSe consomme en tant qu'accompagnement, pour 1 ou 2 personnes. A réchauffer à feu doux.",
      "Image produits sans fond": [
        {
          "id": "atthfyJqb8peSVVAS",
          "width": 495,
          "height": 504,
          "url": "https://dl.airtable.com/.attachments/fc25f36f9061bd66259c9e0e43b9497e/8201146c/douceur-de-quinoa-coco-carotte-removebg-preview.png?ts=1654586294&userId=usrF6kLgBaja75CMj&cs=03da8219cecf93de",
          "filename": "douceur-de-quinoa-coco-carotte-removebg-preview.png",
          "size": 356408,
          "type": "image/png",
          "thumbnails": {
            "small": {
              "url": "https://dl.airtable.com/.attachmentThumbnails/5084ff03b0bf21498b791d42d7ee1dc3/0327806e?ts=1654586294&userId=usrF6kLgBaja75CMj&cs=c39831a21a522a55",
              "width": 35,
              "height": 36
            },
            "large": {
              "url": "https://dl.airtable.com/.attachmentThumbnails/cdaba358049a5095b3bbb403d36b9f58/a257e23b?ts=1654586294&userId=usrF6kLgBaja75CMj&cs=84e4a897675d9cba",
              "width": 495,
              "height": 504
            },
            "full": {
              "url": "https://dl.airtable.com/.attachmentThumbnails/27b74c5407d1835846b3a34e9e227cad/f201c619?ts=1654586294&userId=usrF6kLgBaja75CMj&cs=c67f00b8fb592a28",
              "width": 3000,
              "height": 3000
            }
          }
        }
      ],
      "EAN 13": { "text": "3770009413923" },
      "SIQO": ["BIO"],
      "DDM (mois)": 24,
      "UVC - Conditionnement": "bocal verre",
      "UVC - Poids/vol": 400,
      "UVC - Unité": "g",
      "Prix d'achat kg/g/L €HT": 8.625,
      "Unité d'achat(X*UV)": 6,
      "Tx TVA": 0.055,
      "Produit Particulier": true,
      "Tarif Particulier TTC": 5.8236,
      "numéro": 1411,
      "Code Fournisseur (from Fournisseurs)": "FR63.0222",
      "Département (from Coordonnées Sociétés)": ["PUY DE DÔME"],
      "Franco €": "€300",
      "DESIGNATION": "DOUCEUR DE QUINOA COCO CAROTTE  - BIO",
      "Conditionnement": "bocal verre 400 g",
      "Tarif Pro (HT)": 5.175000000000001,
      "Tarif Pro (HT) au Kg/L": 12.937500000000002,
      "Unité Vente": 1,
      "Tarif Particulier TTC Arrondi": 5.9,
      "LABEL": [
        {
          "id": "attdzLJnjcNd0rRmE",
          "width": 1335,
          "height": 606,
          "url": "https://dl.airtable.com/.attachments/0e9e633af4f109241b1f6cc70f2cb0bc/fe8d7a9e/Capture-2.png?ts=1654586294&userId=usrF6kLgBaja75CMj&cs=aea7a14f8a72c9bc",
          "filename": "Capture-2.png",
          "size": 105113,
          "type": "image/png",
          "thumbnails": {
            "small": {
              "url": "https://dl.airtable.com/.attachmentThumbnails/5e394e47a9ef364059f4dd554b2473c3/1cd419bf?ts=1654586294&userId=usrF6kLgBaja75CMj&cs=2215178bbd0704ff",
              "width": 79,
              "height": 36
            },
            "large": {
              "url": "https://dl.airtable.com/.attachmentThumbnails/e8ae48781a550c1899f42cc102006df4/47cf57c9?ts=1654586294&userId=usrF6kLgBaja75CMj&cs=0f384d2befc8856f",
              "width": 1128,
              "height": 512
            },
            "full": {
              "url": "https://dl.airtable.com/.attachmentThumbnails/4b4f2305169a6254d9ae9f526c9dedef/b11e2141?ts=1654586294&userId=usrF6kLgBaja75CMj&cs=12316e7ecbc90f2c",
              "width": 3000,
              "height": 3000
            }
          }
        }
      ],
      "Image produits avec fond": [
        {
          "id": "atthfyJqb8peSVVAS",
          "width": 495,
          "height": 504,
          "url": "https://dl.airtable.com/.attachments/fc25f36f9061bd66259c9e0e43b9497e/8201146c/douceur-de-quinoa-coco-carotte-removebg-preview.png?ts=1654586294&userId=usrF6kLgBaja75CMj&cs=03da8219cecf93de",
          "filename": "douceur-de-quinoa-coco-carotte-removebg-preview.png",
          "size": 356408,
          "type": "image/png",
          "thumbnails": {
            "small": {
              "url": "https://dl.airtable.com/.attachmentThumbnails/5084ff03b0bf21498b791d42d7ee1dc3/0327806e?ts=1654586294&userId=usrF6kLgBaja75CMj&cs=c39831a21a522a55",
              "width": 35,
              "height": 36
            },
            "large": {
              "url": "https://dl.airtable.com/.attachmentThumbnails/cdaba358049a5095b3bbb403d36b9f58/a257e23b?ts=1654586294&userId=usrF6kLgBaja75CMj&cs=84e4a897675d9cba",
              "width": 495,
              "height": 504
            },
            "full": {
              "url": "https://dl.airtable.com/.attachmentThumbnails/27b74c5407d1835846b3a34e9e227cad/f201c619?ts=1654586294&userId=usrF6kLgBaja75CMj&cs=c67f00b8fb592a28",
              "width": 3000,
              "height": 3000
            }
          }
        }
      ],
      "Nom complet Produit pour formulaire de Mouvement de Stock": "bocal verre 400 g-DOUCEUR DE QUINOA COCO CAROTTE  - BIO//CLAC!//FR63.0222.01411",
      "Prix de vente typeform € TTC": 6.5,
      "DESIGNATION TYPEFORM": "Douceur de quinoa coco carotte  - 400g - BIO // 6.50€",
      "Hypothèse 15% marge px pro": 6.423088235294117,
      "CATEGORIE/TYPE": "Épicerie salée>Plats cuisinés",
      "Condi.": "bocal verre\n400 g",
      "Disponibilité": "En rupture",
      "PRODUCTEUR": "CLAC!",
      "Spécificités": "Légumes",
      "Commande Fournisseurs": "FR63.0222-08/03/2022",
      "Désignation Produit": "DOUCEUR DE QUINOA COCO CAROTTE  - BIO - bocal verre 400 g",
      "Désignation Produit 1 ligne": "DOUCEUR DE QUINOA COCO CAROTTE  - BIO - bocal verre 400 g",
      "Unité de vente détaillée": "1 X 400 g",
      "Délais d'appro (jours) (from FOURNISSEUR)": "6",
      "Nom de la Société (from FOURNISSEUR)": "CLAC!",
      "Descriptif Producteur (from FOURNISSEUR)": "Fondée en juillet 2017, CLAC, la Conserverie Locale Artisanale & Créative, imagine et fabrique des tartinables apéritifs à partir d'ingrédients bio & locaux. Nous travaillons avec une quinzaine de producteurs d'Auvergne pour vous offrir des goûts originaux 100% naturels. CLAC, c'est également des légumes cuisinés, des sauces et des soupes fabriqués avec coeur et passion dans notre atelier de Cournon d'Auvergne",
      "Photos Producteurs (from FOURNISSEUR)": [
        {
          "id": "att57lDlQ1Uf8uR6d",
          "width": 480,
          "height": 370,
          "url": "https://dl.airtable.com/.attachments/65f6e5b664a80fc264a63f947393d989/5572920a/julien_Anglade_518eecd7-fccb-433a-b4a1-37db1dbbe0a5_large.PNG?ts=1654586294&userId=usrF6kLgBaja75CMj&cs=c362bb2e91847096",
          "filename": "julien_Anglade_518eecd7-fccb-433a-b4a1-37db1dbbe0a5_large.PNG",
          "size": 277189,
          "type": "image/png",
          "thumbnails": {
            "small": {
              "url": "https://dl.airtable.com/.attachmentThumbnails/8622bbda081521db50632334635c4541/a78bc5c1?ts=1654586294&userId=usrF6kLgBaja75CMj&cs=723722741647c0d6",
              "width": 47,
              "height": 36
            },
            "large": {
              "url": "https://dl.airtable.com/.attachmentThumbnails/971526aafba7c228407ab0ec1523c864/0559e2c0?ts=1654586294&userId=usrF6kLgBaja75CMj&cs=3b686b1c31661aa7",
              "width": 480,
              "height": 370
            },
            "full": {
              "url": "https://dl.airtable.com/.attachmentThumbnails/98ab59b9f44b1fcd993d894af39996b5/bbccdbb1?ts=1654586294&userId=usrF6kLgBaja75CMj&cs=a9909762992aff14",
              "width": 3000,
              "height": 3000
            }
          }
        }
      ],
      "Label (from FOURNISSEUR)": ["AB"],
      "LABEL LOGO (from FOURNISSEUR)": [
        {
          "id": "atthdViQyZ14LUu8l",
          "width": 1335,
          "height": 606,
          "url": "https://dl.airtable.com/.attachments/0d38d4bd251d74a58a370972d36e2d16/bbd1e6dd/Capture-2.png?ts=1654586294&userId=usrF6kLgBaja75CMj&cs=5613e82b554bf6db",
          "filename": "Capture-2.png",
          "size": 105113,
          "type": "image/png",
          "thumbnails": {
            "small": {
              "url": "https://dl.airtable.com/.attachmentThumbnails/d29e6895f30966e9dd650c26d42c694c/528b8acc?ts=1654586294&userId=usrF6kLgBaja75CMj&cs=4a7960b96ffd4eb6",
              "width": 79,
              "height": 36
            },
            "large": {
              "url": "https://dl.airtable.com/.attachmentThumbnails/43bc2d03176c12b59a06a15126d895c5/2d781fa8?ts=1654586294&userId=usrF6kLgBaja75CMj&cs=2d8a117035c3edfd",
              "width": 1128,
              "height": 512
            },
            "full": {
              "url": "https://dl.airtable.com/.attachmentThumbnails/c10f50df2e56d08c78870d0f258cabc7/c7210777?ts=1654586294&userId=usrF6kLgBaja75CMj&cs=bd975310d2340565",
              "width": 3000,
              "height": 3000
            }
          }
        }
      ],
      "Département (from FOURNISSEUR)": ["PUY DE DÔME"],
      "Code Postal (from FOURNISSEUR)": "63800",
      "Ville (from FOURNISSEUR)": "COURNON D'AUVERGNE",
      "STOCK DISPO (from Passerelle Stock vers BDD Produits/Producteurs)": "0",
      "Import CSV Shopify": "FR63.0222.01411",
      "Localisation (from FOURNISSEUR)": "63800 - COURNON D'AUVERGNE - PUY DE DÔME"
    },
    "name": "Douceur de quinoa coco carotte ",
    "weight": "bocal verre 400 g",
    "price": "3.45",
    "pricePerKg": "8.63",
    "stock": "En rupture",
    "picture": "https://dl.airtable.com/.attachments/fc25f36f9061bd66259c9e0e43b9497e/8201146c/douceur-de-quinoa-coco-carotte-removebg-preview.png?ts=1654586294&userId=usrF6kLgBaja75CMj&cs=03da8219cecf93de"
  },
  {
    "id": "rec0ijqecuUQ1EIV4",
    "info": {
      "Code Produit QotQot": "FR01.0007.00723",
      "FOURNISSEUR": "Max Daumin",
      "Produit": "Cumin (graines) / Cuminum cyminum",
      "Catégorie": ["Épicerie salée"],
      "Type": ["Epices"],
      "Spécificité": "Graines entières",
      "Statut": "Référencé",
      "Dispo": "En stock",
      "Prix d'achat unitaire €HT": 7,
      "Descriptif Produit": "L’évocation de l’orient est indéniable avec le cumin. C’est une épice « chaude » aux parfums persistants dotés de notes musquées et légèrement poivrées. Toute cette chaleur orientale est préservée dans notre berlingot.\nLa coriandre, le curcuma, le paprika seront ravis de s’unir avec le cumin.\nUsage : Soupes, légumes, volailles, agneau, fromages, pains",
      "UVC - Conditionnement": "sachet",
      "UVC - Poids/vol": 250,
      "UVC - Unité": "g",
      "Prix d'achat kg/g/L €HT": 28,
      "Unité d'achat(X*UV)": 1,
      "Tx TVA": 0.055,
      "Produit Pro": true,
      "Tarif Particulier TTC": 11.816,
      "Commentaires": "Existe aussi en format 500g, 1kg, 5kg, 10kg",
      "numéro": 723,
      "Code Fournisseur (from Fournisseurs)": "FR01.0007",
      "Département (from Coordonnées Sociétés)": ["AIN"],
      "Franco €": "€250",
      "DESIGNATION": "CUMIN (GRAINES) / CUMINUM CYMINUM",
      "Conditionnement": "sachet 250 g",
      "Tarif Pro (HT)": 10.5,
      "Tarif Pro (HT) au Kg/L": 42,
      "Unité Vente": 1,
      "Tarif Particulier TTC Arrondi": 11.9,
      "Nom complet Produit pour formulaire de Mouvement de Stock": "sachet 250 g-CUMIN (GRAINES) / CUMINUM CYMINUM//Max Daumin//FR01.0007.00723",
      "DESIGNATION TYPEFORM": "Cumin (graines) / Cuminum cyminum - 250g -  // 0€",
      "Hypothèse 15% marge px pro": 13.03235294117647,
      "CATEGORIE/TYPE": "Épicerie salée>Epices",
      "Condi.": "sachet\n250 g",
      "Disponibilité": "En stock",
      "PRODUCTEUR": "MAX DAUMIN",
      "Spécificités": "Graines entières",
      "Désignation Produit": "CUMIN (GRAINES) / CUMINUM CYMINUM - sachet 250 g",
      "Désignation Produit 1 ligne": "CUMIN (GRAINES) / CUMINUM CYMINUM - sachet 250 g",
      "Unité de vente détaillée": "1 X 250 g",
      "Délais d'appro (jours) (from FOURNISSEUR)": "15",
      "Nom de la Société (from FOURNISSEUR)": "Max Daumin",
      "Descriptif Producteur (from FOURNISSEUR)": "Des épices de producteurs La maitrise de la qualité gustative des épices et poivres ne peut se faire que si l’on maitrise la récolte et qui plante vos épices. Max Daumin sélectionne ainsi des épices brutes, non moulues directement auprès de ses producteurs en France et dans le monde. Fabrication de nos packagings en Auvergne-Rhône-Alpes et mouture réalisée dans l'Ain.",
      "Photos Producteurs (from FOURNISSEUR)": [
        {
          "id": "attYAOOy5uOVlVR6S",
          "width": 2048,
          "height": 2048,
          "url": "https://dl.airtable.com/.attachments/64e33a9c190c59001abdb8f17b3633dd/ff897487/219894231_1444958569205856_6064492114380868409_n.jpg?ts=1654586294&userId=usrF6kLgBaja75CMj&cs=4f174d77651ec16f",
          "filename": "219894231_1444958569205856_6064492114380868409_n.jpg",
          "size": 1262576,
          "type": "image/jpeg",
          "thumbnails": {
            "small": {
              "url": "https://dl.airtable.com/.attachmentThumbnails/b432dfd0cdcdd317555e1cddf12365ee/ccdd2c2c?ts=1654586294&userId=usrF6kLgBaja75CMj&cs=eb97483b05c904ac",
              "width": 36,
              "height": 36
            },
            "large": {
              "url": "https://dl.airtable.com/.attachmentThumbnails/186d0dcefbef6a13df5925cadc565ab4/a16281cb?ts=1654586294&userId=usrF6kLgBaja75CMj&cs=5f4c7f34eff73003",
              "width": 512,
              "height": 512
            },
            "full": {
              "url": "https://dl.airtable.com/.attachmentThumbnails/133b79275186e894d892ab82f66dffab/4d10634d?ts=1654586294&userId=usrF6kLgBaja75CMj&cs=88fdfbd5960bb3bd",
              "width": 3000,
              "height": 3000
            }
          }
        }
      ],
      "Label (from FOURNISSEUR)": ["AB", "CCF"],
      "LABEL LOGO (from FOURNISSEUR)": [
        {
          "id": "attOjlB3OP92IAQLw",
          "width": 1335,
          "height": 606,
          "url": "https://dl.airtable.com/.attachments/bde3a9041e764a52284e9d7e724c6906/c4f70304/Capture-2.png?ts=1654586294&userId=usrF6kLgBaja75CMj&cs=7a13c35073f4693a",
          "filename": "Capture-2.png",
          "size": 105113,
          "type": "image/png",
          "thumbnails": {
            "small": {
              "url": "https://dl.airtable.com/.attachmentThumbnails/d610587c76107b1b40e5a9504a63a299/420fc780?ts=1654586294&userId=usrF6kLgBaja75CMj&cs=70b0e4f3e026dd6b",
              "width": 79,
              "height": 36
            },
            "large": {
              "url": "https://dl.airtable.com/.attachmentThumbnails/5e662ed8382bb04d74a88e0fd59474a4/1071aab4?ts=1654586294&userId=usrF6kLgBaja75CMj&cs=4b212cfb1743424b",
              "width": 1128,
              "height": 512
            },
            "full": {
              "url": "https://dl.airtable.com/.attachmentThumbnails/e515a39fdc1988e16ad042723ede9501/17bb594b?ts=1654586294&userId=usrF6kLgBaja75CMj&cs=694b54ee1f00f647",
              "width": 3000,
              "height": 3000
            }
          }
        },
        {
          "id": "attMuhgIz0i6EF3sO",
          "width": 562,
          "height": 796,
          "url": "https://dl.airtable.com/.attachments/ac55e066dc4c694c226bc7aa3603b3ff/31baf7ba/PAQ_LOGO_DTOUR.png?ts=1654586294&userId=usrF6kLgBaja75CMj&cs=688ef98d43b2fe07",
          "filename": "PAQ_LOGO_DÉTOURÉ.png",
          "size": 123333,
          "type": "image/png",
          "thumbnails": {
            "small": {
              "url": "https://dl.airtable.com/.attachmentThumbnails/e4ab024c3f5ae6d6703b12b21c377b2f/011e11ad?ts=1654586294&userId=usrF6kLgBaja75CMj&cs=7febad892daee4e2",
              "width": 25,
              "height": 36
            },
            "large": {
              "url": "https://dl.airtable.com/.attachmentThumbnails/e38099c48c3548fe4a91ffd6022b1f90/5617c169?ts=1654586294&userId=usrF6kLgBaja75CMj&cs=9b828de300ba475b",
              "width": 512,
              "height": 725
            },
            "full": {
              "url": "https://dl.airtable.com/.attachmentThumbnails/3c384b36e8ef6fad60696f0f487e36e2/7835c7a6?ts=1654586294&userId=usrF6kLgBaja75CMj&cs=62ac7cb5884e8b9a",
              "width": 3000,
              "height": 3000
            }
          }
        },
        {
          "id": "attIF8nQPkfYQg3PD",
          "width": 245,
          "height": 245,
          "url": "https://dl.airtable.com/.attachments/30a5ed2ed078555a4bcfe03684fb85eb/372ed40a/IGP_inao_image_block.png?ts=1654586294&userId=usrF6kLgBaja75CMj&cs=3d50c67929537429",
          "filename": "IGP_inao_image_block.png",
          "size": 240796,
          "type": "image/png",
          "thumbnails": {
            "small": {
              "url": "https://dl.airtable.com/.attachmentThumbnails/0333ed4b7a128b7d06619f73677c9d6f/8c5f0926?ts=1654586294&userId=usrF6kLgBaja75CMj&cs=3e62618ee4eec0b4",
              "width": 36,
              "height": 36
            },
            "large": {
              "url": "https://dl.airtable.com/.attachmentThumbnails/c4178b165dbce5f0be0c580da79693eb/c4b7af40?ts=1654586294&userId=usrF6kLgBaja75CMj&cs=2a27ff491dd65a43",
              "width": 245,
              "height": 245
            },
            "full": {
              "url": "https://dl.airtable.com/.attachmentThumbnails/a5071bafb6139fdd1692b3869089d1a7/2cb765ef?ts=1654586294&userId=usrF6kLgBaja75CMj&cs=581cc153ce14c337",
              "width": 3000,
              "height": 3000
            }
          }
        }
      ],
      "Département (from FOURNISSEUR)": ["AIN"],
      "Code Postal (from FOURNISSEUR)": "01450",
      "Ville (from FOURNISSEUR)": "LEYSSARD",
      "STOCK DISPO (from Passerelle Stock vers BDD Produits/Producteurs)": "1",
      "Localisation (from FOURNISSEUR)": "01450 - LEYSSARD - AIN"
    },
    "name": "Cumin (graines) / Cuminum cyminum",
    "weight": "sachet 250 g",
    "price": "7.00",
    "pricePerKg": "28.00",
    "stock": "En stock"
  },
  {
    "id": "rec0nwwI1HxKvN2SO",
    "info": {
      "Code Produit QotQot": "FR30.0012.00893",
      "FOURNISSEUR": "Riz Canavere Camargue",
      "Produit": "Riz de Camargue IGP rond blanc «special risotto» \"Canavere\"",
      "Catégorie": ["Épicerie salée"],
      "Type": ["Riz"],
      "Spécificité": "Rond Spécial Risotto",
      "Statut": "Référencé",
      "Dispo": "En stock",
      "Prix d'achat unitaire €HT": 2.4,
      "Descriptif Produit": "Le Riz rond de Camargue « Spécial Risotto” est de type Carnarolli, une plante qui pousse aussi en Camargue. Il est parfait pour la réalisation de tous vos plats à connotation italienne type Risotto, Arancini, mais convient aussi à l’élaboration de plats type riz au lait ou tout autre dessert lacté.  ",
      "Image produits sans fond": [
        {
          "id": "attSQ2zpH2ufvlOwC",
          "width": 506,
          "height": 493,
          "url": "https://dl.airtable.com/.attachments/d183ebf7b487771a8f5190e8554d517b/b7a5e59c/Screenshot_2021-12-02_at_15-41-07_Riz_de_Camargue_Rond_Special_Risotto_IGP_-_Canavere-removebg-preview.png?ts=1654586294&userId=usrF6kLgBaja75CMj&cs=774d33b5802dcef3",
          "filename": "Screenshot_2021-12-02_at_15-41-07_Riz_de_Camargue_Rond_Special_Risotto_IGP_-_Canavere-removebg-preview.png",
          "size": 289858,
          "type": "image/png",
          "thumbnails": {
            "small": {
              "url": "https://dl.airtable.com/.attachmentThumbnails/113f509929d8a758b1bd86458b2525ec/6b4d6c04?ts=1654586294&userId=usrF6kLgBaja75CMj&cs=fb5c0e340de4d8cb",
              "width": 37,
              "height": 36
            },
            "large": {
              "url": "https://dl.airtable.com/.attachmentThumbnails/b64f5cf2c253f13c8725d1aee0071d9b/ccb89348?ts=1654586294&userId=usrF6kLgBaja75CMj&cs=cdaeb224d50d71b1",
              "width": 506,
              "height": 493
            },
            "full": {
              "url": "https://dl.airtable.com/.attachmentThumbnails/74a7c852095ccce8215cf343c4696b1a/03d38821?ts=1654586294&userId=usrF6kLgBaja75CMj&cs=53227a0b7c94214b",
              "width": 3000,
              "height": 3000
            }
          }
        }
      ],
      "EAN 13": { "text": "3520991100116" },
      "SIQO": ["IGP"],
      "Référence Fournisseur": "0061",
      "UVC - Conditionnement": "sac",
      "UVC - Poids/vol": 1,
      "UVC - Unité": "kg",
      "Prix d'achat kg/g/L €HT": 2.4,
      "Unité d'achat(X*UV)": 20,
      "Tx TVA": 0.055,
      "Produit Pro": true,
      "Produit Particulier": true,
      "Tarif Particulier TTC": 4.0512,
      "Commentaires": "EPICERIE - sous réserve de disponibilité",
      "numéro": 893,
      "Code Fournisseur (from Fournisseurs)": "FR30.0012",
      "Département (from Coordonnées Sociétés)": ["GARD"],
      "DESIGNATION": "RIZ DE CAMARGUE IGP ROND BLANC «SPECIAL RISOTTO» \"CANAVERE\" - IGP",
      "Conditionnement": "sac 1 kg",
      "Tarif Pro (HT)": 3.5999999999999996,
      "Tarif Pro (HT) au Kg/L": 3.5999999999999996,
      "Unité Vente": 1,
      "Tarif Particulier TTC Arrondi": 4.1000000000000005,
      "LABEL": [
        {
          "id": "attpiASv6llbLqJjW",
          "width": 245,
          "height": 245,
          "url": "https://dl.airtable.com/.attachments/4ddebfa3010a70593140d0b7fa459db2/61771ed5/8c3d1490?ts=1654586294&userId=usrF6kLgBaja75CMj&cs=569efa4e1496bff9",
          "filename": "8c3d1490",
          "size": 45917,
          "type": "image/png",
          "thumbnails": {
            "small": {
              "url": "https://dl.airtable.com/.attachmentThumbnails/08eb6f2363ca31fb0052ed9df23ee4b0/69417b30?ts=1654586294&userId=usrF6kLgBaja75CMj&cs=428f5d7a64e8c6f3",
              "width": 36,
              "height": 36
            },
            "large": {
              "url": "https://dl.airtable.com/.attachmentThumbnails/8bb10436d71fec8a3842cbc5f7b1d681/359ba35b?ts=1654586294&userId=usrF6kLgBaja75CMj&cs=e0673a97d3acff3e",
              "width": 245,
              "height": 245
            },
            "full": {
              "url": "https://dl.airtable.com/.attachmentThumbnails/53f49e50cb06aee94e6d222d22ed9356/c107708c?ts=1654586294&userId=usrF6kLgBaja75CMj&cs=3c48513297b2a43b",
              "width": 3000,
              "height": 3000
            }
          }
        }
      ],
      "Image produits avec fond": [
        {
          "id": "attAAQqrv9my2zuYT",
          "width": 434,
          "height": 388,
          "url": "https://dl.airtable.com/.attachments/241ba9738b39a8b90ff246bbd6e37661/80edd4cb/Captureweb_13-12-2021_141322_canavere.fr.jpeg?ts=1654586294&userId=usrF6kLgBaja75CMj&cs=63ba5cd49ffb9e56",
          "filename": "Capture web_13-12-2021_141322_canavere.fr.jpeg",
          "size": 58944,
          "type": "image/jpeg",
          "thumbnails": {
            "small": {
              "url": "https://dl.airtable.com/.attachmentThumbnails/815e1751178be6833bd855b5063357ba/54a7869c?ts=1654586294&userId=usrF6kLgBaja75CMj&cs=de2cb263fba39c1f",
              "width": 40,
              "height": 36
            },
            "large": {
              "url": "https://dl.airtable.com/.attachmentThumbnails/349c64f336f2e76031b30920cf01c778/5062eda4?ts=1654586294&userId=usrF6kLgBaja75CMj&cs=2df4b59d30b365a0",
              "width": 434,
              "height": 388
            },
            "full": {
              "url": "https://dl.airtable.com/.attachmentThumbnails/7827d2c817a5d55b6b9f55f8aa725323/d840cf0b?ts=1654586294&userId=usrF6kLgBaja75CMj&cs=d174486ef13d347c",
              "width": 3000,
              "height": 3000
            }
          }
        }
      ],
      "Nom complet Produit pour formulaire de Mouvement de Stock": "sac 1 kg-RIZ DE CAMARGUE IGP ROND BLANC «SPECIAL RISOTTO» \"CANAVERE\" - IGP//Riz Canavere Camargue//FR30.0012.00893",
      "Prix de vente € TTC conseillé": 3.88,
      "Prix de vente typeform € TTC": 4.5,
      "DESIGNATION TYPEFORM": "Riz de Camargue IGP rond blanc «special risotto» \"Canavere\" - 1kg - IGP // 4.50€",
      "Hypothèse 15% marge px pro": 4.468235294117647,
      "CATEGORIE/TYPE": "Épicerie salée>Riz",
      "Condi.": "sac\n1 kg",
      "Disponibilité": "En stock",
      "PRODUCTEUR": "RIZ CANAVERE CAMARGUE",
      "Spécificités": "Rond Spécial Risotto",
      "Désignation Produit": "RIZ DE CAMARGUE IGP ROND BLANC «SPECIAL RISOTTO» \"CANAVERE\" - IGP - sac 1 kg",
      "Désignation Produit 1 ligne": "RIZ DE CAMARGUE IGP ROND BLANC «SPECIAL RISOTTO» \"CANAVERE\" - IGP - sac 1 kg",
      "Unité de vente détaillée": "1 X 1 kg",
      "Délais d'appro (jours) (from FOURNISSEUR)": "15",
      "Nom de la Société (from FOURNISSEUR)": "Riz Canavere Camargue",
      "Descriptif Producteur (from FOURNISSEUR)": "Découvrez le riz de Camargue au travers de notre passion & notre savoir-faire familiale. UNE ENTREPRISE FAMILIALE La société Benoit Riz de Canavere a été fondée en 1993, par Jean Louis Benoit, fils de Louis Benoit, riziculteurs Camarguais de père en fils. Précurseur dans la riziculture en Camargue, \"Canavere\" est une entreprise familiale qui travaille depuis 4 générations au développement d’une production agricole respectueuse des sols et des Hommes : « Nous défendons une agriculture raisonnée ; et nous ne nous plierons pas à l’effet de mode du Green Marketing » qui consiste à marketer les produits BIO ou « Organic » sans conscience exacte de la provenance et la fabrication de notre produit. Riz semé, cultivé & emballé en Camargue dans un rayon de 30km Estampillé Sud de France, IGP, sans Gluten",
      "Photos Producteurs (from FOURNISSEUR)": [
        {
          "id": "attZDGnYYdclQEm77",
          "width": 1440,
          "height": 1440,
          "url": "https://dl.airtable.com/.attachments/56a872a411d285a32c78569cd73a17b3/feb1c8fa/123602542_3453678604701117_152993012696548202_n.jpg?ts=1654586294&userId=usrF6kLgBaja75CMj&cs=195c698b2ab2e194",
          "filename": "123602542_3453678604701117_152993012696548202_n.jpg",
          "size": 346171,
          "type": "image/jpeg",
          "thumbnails": {
            "small": {
              "url": "https://dl.airtable.com/.attachmentThumbnails/285e15f2ad7ba136c900ad2fe7776fd8/35d04ee2?ts=1654586294&userId=usrF6kLgBaja75CMj&cs=1037487add9023e1",
              "width": 36,
              "height": 36
            },
            "large": {
              "url": "https://dl.airtable.com/.attachmentThumbnails/cfd0c1cca8979734d536292fcd10c980/dc5f692b?ts=1654586294&userId=usrF6kLgBaja75CMj&cs=3a943a9bac40202e",
              "width": 512,
              "height": 512
            },
            "full": {
              "url": "https://dl.airtable.com/.attachmentThumbnails/022baf280ed074a8a7b07899512114ee/29f83b23?ts=1654586294&userId=usrF6kLgBaja75CMj&cs=a7ea931c6eaf58d0",
              "width": 3000,
              "height": 3000
            }
          }
        }
      ],
      "Label (from FOURNISSEUR)": ["AB", "CCF", "IGP"],
      "LABEL LOGO (from FOURNISSEUR)": [
        {
          "id": "attOjlB3OP92IAQLw",
          "width": 1335,
          "height": 606,
          "url": "https://dl.airtable.com/.attachments/bde3a9041e764a52284e9d7e724c6906/c4f70304/Capture-2.png?ts=1654586294&userId=usrF6kLgBaja75CMj&cs=7a13c35073f4693a",
          "filename": "Capture-2.png",
          "size": 105113,
          "type": "image/png",
          "thumbnails": {
            "small": {
              "url": "https://dl.airtable.com/.attachmentThumbnails/d610587c76107b1b40e5a9504a63a299/420fc780?ts=1654586294&userId=usrF6kLgBaja75CMj&cs=70b0e4f3e026dd6b",
              "width": 79,
              "height": 36
            },
            "large": {
              "url": "https://dl.airtable.com/.attachmentThumbnails/5e662ed8382bb04d74a88e0fd59474a4/1071aab4?ts=1654586294&userId=usrF6kLgBaja75CMj&cs=4b212cfb1743424b",
              "width": 1128,
              "height": 512
            },
            "full": {
              "url": "https://dl.airtable.com/.attachmentThumbnails/e515a39fdc1988e16ad042723ede9501/17bb594b?ts=1654586294&userId=usrF6kLgBaja75CMj&cs=694b54ee1f00f647",
              "width": 3000,
              "height": 3000
            }
          }
        },
        {
          "id": "attMuhgIz0i6EF3sO",
          "width": 562,
          "height": 796,
          "url": "https://dl.airtable.com/.attachments/ac55e066dc4c694c226bc7aa3603b3ff/31baf7ba/PAQ_LOGO_DTOUR.png?ts=1654586294&userId=usrF6kLgBaja75CMj&cs=688ef98d43b2fe07",
          "filename": "PAQ_LOGO_DÉTOURÉ.png",
          "size": 123333,
          "type": "image/png",
          "thumbnails": {
            "small": {
              "url": "https://dl.airtable.com/.attachmentThumbnails/e4ab024c3f5ae6d6703b12b21c377b2f/011e11ad?ts=1654586294&userId=usrF6kLgBaja75CMj&cs=7febad892daee4e2",
              "width": 25,
              "height": 36
            },
            "large": {
              "url": "https://dl.airtable.com/.attachmentThumbnails/e38099c48c3548fe4a91ffd6022b1f90/5617c169?ts=1654586294&userId=usrF6kLgBaja75CMj&cs=9b828de300ba475b",
              "width": 512,
              "height": 725
            },
            "full": {
              "url": "https://dl.airtable.com/.attachmentThumbnails/3c384b36e8ef6fad60696f0f487e36e2/7835c7a6?ts=1654586294&userId=usrF6kLgBaja75CMj&cs=62ac7cb5884e8b9a",
              "width": 3000,
              "height": 3000
            }
          }
        },
        {
          "id": "attIF8nQPkfYQg3PD",
          "width": 245,
          "height": 245,
          "url": "https://dl.airtable.com/.attachments/30a5ed2ed078555a4bcfe03684fb85eb/372ed40a/IGP_inao_image_block.png?ts=1654586294&userId=usrF6kLgBaja75CMj&cs=3d50c67929537429",
          "filename": "IGP_inao_image_block.png",
          "size": 240796,
          "type": "image/png",
          "thumbnails": {
            "small": {
              "url": "https://dl.airtable.com/.attachmentThumbnails/0333ed4b7a128b7d06619f73677c9d6f/8c5f0926?ts=1654586294&userId=usrF6kLgBaja75CMj&cs=3e62618ee4eec0b4",
              "width": 36,
              "height": 36
            },
            "large": {
              "url": "https://dl.airtable.com/.attachmentThumbnails/c4178b165dbce5f0be0c580da79693eb/c4b7af40?ts=1654586294&userId=usrF6kLgBaja75CMj&cs=2a27ff491dd65a43",
              "width": 245,
              "height": 245
            },
            "full": {
              "url": "https://dl.airtable.com/.attachmentThumbnails/a5071bafb6139fdd1692b3869089d1a7/2cb765ef?ts=1654586294&userId=usrF6kLgBaja75CMj&cs=581cc153ce14c337",
              "width": 3000,
              "height": 3000
            }
          }
        }
      ],
      "Département (from FOURNISSEUR)": ["GARD"],
      "Code Postal (from FOURNISSEUR)": "30800",
      "Ville (from FOURNISSEUR)": "Saint Gilles",
      "STOCK DISPO (from Passerelle Stock vers BDD Produits/Producteurs)": "9",
      "Import CSV Shopify": "FR30.0012.00893",
      "Localisation (from FOURNISSEUR)": "30800 - SAINT GILLES - GARD"
    },
    "name": "Riz de Camargue IGP rond blanc «special risotto» \"Canavere\"",
    "weight": "sac 1 kg",
    "price": "2.40",
    "pricePerKg": "2.40",
    "stock": "En stock",
    "picture": "https://dl.airtable.com/.attachments/d183ebf7b487771a8f5190e8554d517b/b7a5e59c/Screenshot_2021-12-02_at_15-41-07_Riz_de_Camargue_Rond_Special_Risotto_IGP_-_Canavere-removebg-preview.png?ts=1654586294&userId=usrF6kLgBaja75CMj&cs=774d33b5802dcef3"
  },
  {
    "id": "rec0rp9lvCydHMM14",
    "info": {
      "Code Produit QotQot": "FR03.0015.00400",
      "FOURNISSEUR": "EARL Landrieaux",
      "Produit": "Farine 5 Céréales",
      "Catégorie": ["Céréales et produits de boulangerie"],
      "Type": ["Céréales"],
      "Spécificité": "Farine",
      "Statut": "Référencé",
      "Dispo": "En stock",
      "Prix d'achat unitaire €HT": 3,
      "Descriptif Produit": "x",
      "Image produits sans fond": [
        {
          "id": "attQmM4ZQV1wKhI4D",
          "width": 433,
          "height": 577,
          "url": "https://dl.airtable.com/.attachments/9a631dd8885c9243881a46730a77e0be/d6c38ca7/Farine_Blanche_5_Crales-removebg-preview1.png?ts=1654586294&userId=usrF6kLgBaja75CMj&cs=f0d5dfb43b3b9b8e",
          "filename": "Farine_Blanche_5_Céréales-removebg-preview (1).png",
          "size": 152033,
          "type": "image/png",
          "thumbnails": {
            "small": {
              "url": "https://dl.airtable.com/.attachmentThumbnails/015484445e54bb0a19ce35b0df6fa91f/e2891709?ts=1654586294&userId=usrF6kLgBaja75CMj&cs=732ef9e93ca9cfda",
              "width": 27,
              "height": 36
            },
            "large": {
              "url": "https://dl.airtable.com/.attachmentThumbnails/56641ecf29a17d504598b3cc9d0e410c/b8313191?ts=1654586294&userId=usrF6kLgBaja75CMj&cs=ff48044fbda9002a",
              "width": 433,
              "height": 577
            },
            "full": {
              "url": "https://dl.airtable.com/.attachmentThumbnails/2a1051ce01bcb8152bff121cfe388dab/c1b30096?ts=1654586294&userId=usrF6kLgBaja75CMj&cs=d270ad65dfc93208",
              "width": 3000,
              "height": 3000
            }
          }
        }
      ],
      "UVC - Conditionnement": "sachet",
      "UVC - Poids/vol": 1,
      "UVC - Unité": "kg",
      "Prix d'achat kg/g/L €HT": 3,
      "Unité d'achat(X*UV)": 1,
      "Tx TVA": 0.055,
      "Produit Pro": true,
      "Produit Particulier": true,
      "Tarif Particulier TTC": 5.064,
      "numéro": 400,
      "Code Fournisseur (from Fournisseurs)": "FR03.0015",
      "Département (from Coordonnées Sociétés)": ["ALLIER"],
      "DESIGNATION": "FARINE 5 CÉRÉALES",
      "Conditionnement": "sachet 1 kg",
      "Tarif Pro (HT)": 4.5,
      "Tarif Pro (HT) au Kg/L": 4.5,
      "Unité Vente": 1,
      "Tarif Particulier TTC Arrondi": 5.1000000000000005,
      "Image produits avec fond": [
        {
          "id": "attwCsEh67hp1s0OO",
          "width": 4032,
          "height": 3024,
          "url": "https://dl.airtable.com/.attachments/24138ddb1e383a764119eec9fa32e2b6/eba7dbb1/FarineBlanche5Crales.jpg?ts=1654586294&userId=usrF6kLgBaja75CMj&cs=6ab4b1cd0fad96bf",
          "filename": "Farine Blanche 5 Céréales.jpg",
          "size": 2783280,
          "type": "image/jpeg",
          "thumbnails": {
            "small": {
              "url": "https://dl.airtable.com/.attachmentThumbnails/a48ea040a09e6ab486e41385fcf93d37/850c25cf?ts=1654586294&userId=usrF6kLgBaja75CMj&cs=dd1332968ebba539",
              "width": 27,
              "height": 36
            },
            "large": {
              "url": "https://dl.airtable.com/.attachmentThumbnails/88ed16909f930649fbf76e82bcc860f3/9fbadefd?ts=1654586294&userId=usrF6kLgBaja75CMj&cs=e7a9c82d923d616f",
              "width": 512,
              "height": 683
            },
            "full": {
              "url": "https://dl.airtable.com/.attachmentThumbnails/f49a2de30274e1cf6194e6ee02d348a5/eedf5a23?ts=1654586294&userId=usrF6kLgBaja75CMj&cs=2472d0566761d0c2",
              "width": 3000,
              "height": 3000
            }
          }
        }
      ],
      "Nom complet Produit pour formulaire de Mouvement de Stock": "sachet 1 kg-FARINE 5 CÉRÉALES//EARL Landrieaux//FR03.0015.00400",
      "Prix de vente typeform € TTC": 5.6,
      "DESIGNATION TYPEFORM": "Farine 5 Céréales - 1kg -  // 5.60€",
      "Hypothèse 15% marge px pro": 5.5852941176470585,
      "CATEGORIE/TYPE": "Céréales et produits de boulangerie>Céréales",
      "Condi.": "sachet\n1 kg",
      "Disponibilité": "En stock",
      "PRODUCTEUR": "EARL LANDRIEAUX",
      "Spécificités": "Farine",
      "Désignation Produit": "FARINE 5 CÉRÉALES - sachet 1 kg",
      "Désignation Produit 1 ligne": "FARINE 5 CÉRÉALES - sachet 1 kg",
      "Unité de vente détaillée": "1 X 1 kg",
      "Délais d'appro (jours) (from FOURNISSEUR)": "15",
      "Nom de la Société (from FOURNISSEUR)": "EARL Landrieaux",
      "Descriptif Producteur (from FOURNISSEUR)": "100 % céréales de la ferme écrasée à la meule de pierre pour une farine de qualité et un goût authentique Pâtes séchées très lentement (environ 20 heures) pour conserver les qualités gustatives et nutritionnelles",
      "Photos Producteurs (from FOURNISSEUR)": [
        {
          "id": "attN0mQpwUbUrf5L6",
          "width": 1200,
          "height": 800,
          "url": "https://dl.airtable.com/.attachments/e2576968b198c578aebfafe7935237ab/18e09d4d/la-vie-rurale-a-l-earl-landrieaux-a-louchy-montfand-ble-fari_4799520.jpeg?ts=1654586294&userId=usrF6kLgBaja75CMj&cs=532a4232647b5802",
          "filename": "la-vie-rurale-a-l-earl-landrieaux-a-louchy-montfand-ble-fari_4799520.jpeg",
          "size": 158251,
          "type": "image/jpeg",
          "thumbnails": {
            "small": {
              "url": "https://dl.airtable.com/.attachmentThumbnails/757ec0565b752c1c667d59ce30046de9/3ff4cd86?ts=1654586294&userId=usrF6kLgBaja75CMj&cs=b558d864076a6db6",
              "width": 54,
              "height": 36
            },
            "large": {
              "url": "https://dl.airtable.com/.attachmentThumbnails/94f450b1953d5e610e57a943dab6adcc/3aeda7f5?ts=1654586294&userId=usrF6kLgBaja75CMj&cs=68a9de3ca3a6efd3",
              "width": 768,
              "height": 512
            },
            "full": {
              "url": "https://dl.airtable.com/.attachmentThumbnails/9b69eeb700e46d1de69dbf528ba86da4/b991ebb5?ts=1654586294&userId=usrF6kLgBaja75CMj&cs=00cb62b88907d64e",
              "width": 3000,
              "height": 3000
            }
          }
        }
      ],
      "Label (from FOURNISSEUR)": ["La région du goût"],
      "LABEL LOGO (from FOURNISSEUR)": [
        {
          "id": "att00CpbJDmobHibi",
          "width": 800,
          "height": 800,
          "url": "https://dl.airtable.com/.attachments/29b77a8bbbdea8886f6d92fe8acd2c45/079ba2af/logos_La_region_du_Gout-03.jpg?ts=1654586294&userId=usrF6kLgBaja75CMj&cs=32a95b018ac3f554",
          "filename": "logos_La_region_du_Gout-03.jpg",
          "size": 70362,
          "type": "image/jpeg",
          "thumbnails": {
            "small": {
              "url": "https://dl.airtable.com/.attachmentThumbnails/306061d7cc3ed7de82c1ca15d0df0789/62804379?ts=1654586294&userId=usrF6kLgBaja75CMj&cs=b39cfd205336a91e",
              "width": 36,
              "height": 36
            },
            "large": {
              "url": "https://dl.airtable.com/.attachmentThumbnails/d9105bb7f8fb22fce5080f55fd8ee3a0/327e9284?ts=1654586294&userId=usrF6kLgBaja75CMj&cs=2540ad81aeb58020",
              "width": 512,
              "height": 512
            },
            "full": {
              "url": "https://dl.airtable.com/.attachmentThumbnails/762bbbcf574ed19ffc019a7d533f40f8/66b0d459?ts=1654586294&userId=usrF6kLgBaja75CMj&cs=a02edf4502c61df1",
              "width": 3000,
              "height": 3000
            }
          }
        }
      ],
      "Département (from FOURNISSEUR)": ["ALLIER"],
      "Code Postal (from FOURNISSEUR)": "03500",
      "Ville (from FOURNISSEUR)": " LOUCHY MONTFAND",
      "STOCK DISPO (from Passerelle Stock vers BDD Produits/Producteurs)": "10",
      "Import CSV Shopify": "FR03.0015.00400",
      "Localisation (from FOURNISSEUR)": "03500 -  LOUCHY MONTFAND - ALLIER"
    },
    "name": "Farine 5 Céréales",
    "weight": "sachet 1 kg",
    "price": "3.00",
    "pricePerKg": "3.00",
    "stock": "En stock",
    "picture": "https://dl.airtable.com/.attachments/9a631dd8885c9243881a46730a77e0be/d6c38ca7/Farine_Blanche_5_Crales-removebg-preview1.png?ts=1654586294&userId=usrF6kLgBaja75CMj&cs=f0d5dfb43b3b9b8e"
  },
  {
    "id": "rec0wds61A5TKfasR",
    "info": {
      "Code Produit QotQot": "FR73.0020.01326",
      "FOURNISSEUR": "Jéévro - Micro distillerie Alpine - Bio",
      "Produit": "Génépi 40°",
      "Catégorie": ["Boissons Alcoolisés"],
      "Type": ["Liqueurs/Spiritueux"],
      "Spécificité": "Au Plantes",
      "Statut": "Référencé",
      "Dispo": "En stock",
      "Prix d'achat unitaire €HT": 13.2,
      "Descriptif Produit": "Ingrédients : eau, alcool*, sucre*, genepi* (artémisa umbelliformis), plantes*\nProduits issus de l'agriculture biologique. \nLe génépi est une armoise d'altitude emblématique des Alpes.\nPour réaliser notre Génépi BIO Savoyard, nous utilisons deux variétés de Génépi. Un génépi jaune que nous allons cueillir en montagne aux alentours de 2800 mètre d’altitude qui donne un goût franc de génépi en début de bouche. Et un génépi que nous cultivons, celui-ci apporte de la fraicheur et une longueur très florale qui permet de nous différencier des autres Génépis.\nNous adoucissons notre génépi avec du sucre de canne, labellisé BIO, en faisant attention de ne pas trop sucrer pour ne pas dénaturer l’arôme de nos deux génépi.",
      "Image produits sans fond": [
        {
          "id": "attiSZpdduz3x2pyr",
          "width": 433,
          "height": 577,
          "url": "https://dl.airtable.com/.attachments/6c159961b34b9ea77cf3bcaf016751be/01da18c1/Gnpi_35cl-removebg-preview.png?ts=1654586294&userId=usrF6kLgBaja75CMj&cs=40c55e866dc65e2d",
          "filename": "Génépi_35cl-removebg-preview.png",
          "size": 75535,
          "type": "image/png",
          "thumbnails": {
            "small": {
              "url": "https://dl.airtable.com/.attachmentThumbnails/d24a57acfaa248711a75b7b88697ee5b/6d1be86a?ts=1654586294&userId=usrF6kLgBaja75CMj&cs=5044d0fd83e316de",
              "width": 27,
              "height": 36
            },
            "large": {
              "url": "https://dl.airtable.com/.attachmentThumbnails/ed62e082f19bfbd2b1bbb325991f160b/d4709f3a?ts=1654586294&userId=usrF6kLgBaja75CMj&cs=3b231990a2bac063",
              "width": 433,
              "height": 577
            },
            "full": {
              "url": "https://dl.airtable.com/.attachmentThumbnails/1b675b423bfb0991734f7bbc3e812496/ec91cb7f?ts=1654586294&userId=usrF6kLgBaja75CMj&cs=797e437567c61e80",
              "width": 3000,
              "height": 3000
            }
          }
        }
      ],
      "SIQO": ["BIO"],
      "UVC - Conditionnement": "bouteille verre",
      "UVC - Poids/vol": 0.35,
      "UVC - Unité": "L",
      "Prix d'achat kg/g/L €HT": 37.714285714285715,
      "Unité d'achat(X*UV)": 6,
      "Tx TVA": 0.2,
      "Produit Pro": true,
      "Produit Particulier": true,
      "Tarif Particulier TTC": 25.344,
      "Commentaires": "Ingrédients : eau, alcool*, sucre*, genepi* (artémisa umbelliformis), plantes*\n\n*produits issus de l'agriculture biologique\n\n \n\nLe génépi est une armoise d'altitude emblématique des Alpes.\n\n \n\nPour réaliser notre Génépi BIO Savoyard,\n\nnous utilisons deux variétés de Génépi.\n\nUn génépi jaune que nous allons cueillir en montagne aux alentours de 2800 mètre d’altitude qui donne un goût franc de génépi en début de bouche.\n\nEt un génépi que nous cultivons, celui-ci apporte de la fraicheur et une longueur très florale qui permet de nous différencier des autres Génépis.\n\n \n\nCette liqueur est réputée digestive, tonique et conseillée contre les coups de froid.\n\n \n\nNous adoucissons notre génépi avec du sucre de canne, labellisé BIO, en faisant attention de ne pas trop sucrer pour ne pas dénaturer l’arôme de nos deux génépi.\n\n \n\nPour notre génépi, comme pour nos autres liqueurs ou produits distillés, nous utilisons un alcool de blé BIO, très neutre, qui permet de ne pas avoir le goût de l’alcool et de garder le goût du génépi longtemps en bouche .",
      "numéro": 1326,
      "Code Fournisseur (from Fournisseurs)": "FR73.0020",
      "Département (from Coordonnées Sociétés)": ["SAVOIE"],
      "DESIGNATION": "GÉNÉPI 40° - BIO",
      "Conditionnement": "bouteille verre 0.35 L",
      "Tarif Pro (HT)": 19.799999999999997,
      "Tarif Pro (HT) au Kg/L": 56.57142857142857,
      "Unité Vente": 1,
      "Tarif Particulier TTC Arrondi": 25.400000000000002,
      "LABEL": [
        {
          "id": "attdzLJnjcNd0rRmE",
          "width": 1335,
          "height": 606,
          "url": "https://dl.airtable.com/.attachments/0e9e633af4f109241b1f6cc70f2cb0bc/fe8d7a9e/Capture-2.png?ts=1654586294&userId=usrF6kLgBaja75CMj&cs=aea7a14f8a72c9bc",
          "filename": "Capture-2.png",
          "size": 105113,
          "type": "image/png",
          "thumbnails": {
            "small": {
              "url": "https://dl.airtable.com/.attachmentThumbnails/5e394e47a9ef364059f4dd554b2473c3/1cd419bf?ts=1654586294&userId=usrF6kLgBaja75CMj&cs=2215178bbd0704ff",
              "width": 79,
              "height": 36
            },
            "large": {
              "url": "https://dl.airtable.com/.attachmentThumbnails/e8ae48781a550c1899f42cc102006df4/47cf57c9?ts=1654586294&userId=usrF6kLgBaja75CMj&cs=0f384d2befc8856f",
              "width": 1128,
              "height": 512
            },
            "full": {
              "url": "https://dl.airtable.com/.attachmentThumbnails/4b4f2305169a6254d9ae9f526c9dedef/b11e2141?ts=1654586294&userId=usrF6kLgBaja75CMj&cs=12316e7ecbc90f2c",
              "width": 3000,
              "height": 3000
            }
          }
        }
      ],
      "Image produits avec fond": [
        {
          "id": "attq27OdlM22KHPiq",
          "width": 2048,
          "height": 2048,
          "url": "https://dl.airtable.com/.attachments/c46c99d37887acba840a4656e4a82d8d/2a975341/148706730_169986918229843_2388434629427994207_n.jpg?ts=1654586294&userId=usrF6kLgBaja75CMj&cs=ddc65fe28611e907",
          "filename": "148706730_169986918229843_2388434629427994207_n.jpg",
          "size": 695153,
          "type": "image/jpeg",
          "thumbnails": {
            "small": {
              "url": "https://dl.airtable.com/.attachmentThumbnails/7a8480e399a636df3a8b4cfd469d8f31/7b05535f?ts=1654586294&userId=usrF6kLgBaja75CMj&cs=74e019dc8c6b99b9",
              "width": 36,
              "height": 36
            },
            "large": {
              "url": "https://dl.airtable.com/.attachmentThumbnails/feca0e147e740d982e88d19fde2a304a/5212fe49?ts=1654586294&userId=usrF6kLgBaja75CMj&cs=8e6fa127b573a444",
              "width": 512,
              "height": 512
            },
            "full": {
              "url": "https://dl.airtable.com/.attachmentThumbnails/3586dcd9af2a1b6298e799f177af2ca8/9e983ad6?ts=1654586294&userId=usrF6kLgBaja75CMj&cs=449b939e83158178",
              "width": 3000,
              "height": 3000
            }
          }
        }
      ],
      "Nom complet Produit pour formulaire de Mouvement de Stock": "bouteille verre 0.35 L-GÉNÉPI 40° - BIO//Jéévro - Micro distillerie Alpine - Bio//FR73.0020.01326",
      "Prix de vente € TTC conseillé": 24,
      "Prix de vente typeform € TTC": 27.9,
      "DESIGNATION TYPEFORM": "Génépi 40° - 0.35L - BIO // 27.90€",
      "Hypothèse 15% marge px pro": 27.952941176470585,
      "CATEGORIE/TYPE": "Boissons Alcoolisés>Liqueurs/Spiritueux",
      "Condi.": "bouteille verre\n0.35 L",
      "Disponibilité": "En stock",
      "PRODUCTEUR": "JÉÉVRO - MICRO DISTILLERIE ALPINE - BIO",
      "Spécificités": "Au Plantes",
      "Commande Fournisseurs": "FR73.0020-14/01/2022",
      "Désignation Produit": "GÉNÉPI 40° - BIO - bouteille verre 0.35 L",
      "Désignation Produit 1 ligne": "GÉNÉPI 40° - BIO - bouteille verre 0.35 L",
      "Unité de vente détaillée": "1 X 0.35 L",
      "Délais d'appro (jours) (from FOURNISSEUR)": "15",
      "Nom de la Société (from FOURNISSEUR)": "Jéévro - Micro distillerie Alpine - Bio",
      "Descriptif Producteur (from FOURNISSEUR)": "Notre micro distillerie indépendante Jeevro (qui signifie Genévrier en patois Savoyard) se trouve à 800 mètres d’altitude en Savoie dans un petit village du massif de Belledonne. Tous nos produits sont élaborés avec des plantes issues de l’agriculture écologique. Ces plantes proviennent essentiellement de nos cultures ou des récoltes sauvages que nous effectuons tout au long de l’année. C’est grâce à ce large choix de plantes que nous proposons différents produits distillés et/ou macérés. Nos méthodes de travail Paysans distillateurs, nous sommes attachés à la terre et à la montagne. Nous transformons principalement les plantes que nous cultivons ou cueillons localement. Nos alambics nous permettent de perpétuer la tradition de la distillation et des macérat, en faisant revivre le savoir et les gestes des anciens. Notre activité est peu mécanisée et nous cultivons nos plantes et nos fleurs en nous inspirant des méthodes de l’agroécologie, dans le respect du sol et de sa vie, sans engrais chimiques ni pesticides. Toute notre gamme est produite à la main, de la culture jusqu'à l’embouteillage et l'étiquetage Notre terroir Notre micro distillerie est installée en Savoie, à 800 mètres d’altitude, à La Table, dans la vallée des Huiles, au nord de la chaîne de Belledonne (Bella donna, belle dame en Italien). Les forêts et les sommets environnants, culminants à près de 3000 mètres d’altitude, nous apportent l'équilibre et l’inspiration nécessaires à la création de nos produits. Le massif de Belledonne nous procure également une eau de grande qualité ainsi qu’une multitude de fleurs et plantes aromatiques. Nos méthodes de travail Paysans distillateurs, nous sommes attachés à la terre et à la montagne. Nous transformons principalement les plantes que nous cultivons ou cueillons localement. Nos alambics nous permettent de perpétuer la tradition de la distillation et des macérat, en faisant revivre le savoir et les gestes des anciens. Notre activité est peu mécanisée et nous cultivons nos plantes et nos fleurs en nous inspirant des méthodes de l’agroécologie, dans le respect du sol et de sa vie, sans engrais chimiques ni pesticides. Toute notre gamme est produite à la main, de la culture jusqu'à l’embouteillage et l'étiquetage Notre particularité Ce métier, très complet, et notre façon de travailler nous offre un très grand nombre de possibilités. En fonction de ce que nous propose la nature et de nos envies nous partons en montagne faire de la cueillette sauvage. C'est grace à ça que nous vous proposons une gamme de produits éphémère très variable. Paysans distillateurs, le fait de produire nos plantes, nous permet d'utiliser, entre autres, des plantes fraichement cueillies au moment de la distillation. ",
      "Photos Producteurs (from FOURNISSEUR)": [
        {
          "id": "attzNViyZCv6u27VP",
          "width": 1122,
          "height": 841,
          "url": "https://dl.airtable.com/.attachments/012064b700a3a0c9e25eee603b113857/279d8c1d/MONTBeliard__Lumieres_de_Noel._Ces_douces_liqueurs_qui_fleurent_l_...?ts=1654586294&userId=usrF6kLgBaja75CMj&cs=7060e29211ff8b4e",
          "filename": "MONTBeliard__Lumieres_de_Noel._Ces_douces_liqueurs_qui_fleurent_l_...",
          "size": 283733,
          "type": "image/jpeg",
          "thumbnails": {
            "small": {
              "url": "https://dl.airtable.com/.attachmentThumbnails/fe7ba39fcc4119495397cc2793f23fd7/aaf53bc8?ts=1654586294&userId=usrF6kLgBaja75CMj&cs=f27237810b80b133",
              "width": 48,
              "height": 36
            },
            "large": {
              "url": "https://dl.airtable.com/.attachmentThumbnails/c688cbd9f65f3fbb460fd55feab1476e/9555424c?ts=1654586294&userId=usrF6kLgBaja75CMj&cs=5c042c660acec75a",
              "width": 683,
              "height": 512
            },
            "full": {
              "url": "https://dl.airtable.com/.attachmentThumbnails/5f76466185af2c0e709db6777f2cea17/b1d2fda6?ts=1654586294&userId=usrF6kLgBaja75CMj&cs=b2ff4a47b0e1ed15",
              "width": 3000,
              "height": 3000
            }
          }
        }
      ],
      "Label (from FOURNISSEUR)": ["AB"],
      "LABEL LOGO (from FOURNISSEUR)": [
        {
          "id": "atthdViQyZ14LUu8l",
          "width": 1335,
          "height": 606,
          "url": "https://dl.airtable.com/.attachments/0d38d4bd251d74a58a370972d36e2d16/bbd1e6dd/Capture-2.png?ts=1654586294&userId=usrF6kLgBaja75CMj&cs=5613e82b554bf6db",
          "filename": "Capture-2.png",
          "size": 105113,
          "type": "image/png",
          "thumbnails": {
            "small": {
              "url": "https://dl.airtable.com/.attachmentThumbnails/d29e6895f30966e9dd650c26d42c694c/528b8acc?ts=1654586294&userId=usrF6kLgBaja75CMj&cs=4a7960b96ffd4eb6",
              "width": 79,
              "height": 36
            },
            "large": {
              "url": "https://dl.airtable.com/.attachmentThumbnails/43bc2d03176c12b59a06a15126d895c5/2d781fa8?ts=1654586294&userId=usrF6kLgBaja75CMj&cs=2d8a117035c3edfd",
              "width": 1128,
              "height": 512
            },
            "full": {
              "url": "https://dl.airtable.com/.attachmentThumbnails/c10f50df2e56d08c78870d0f258cabc7/c7210777?ts=1654586294&userId=usrF6kLgBaja75CMj&cs=bd975310d2340565",
              "width": 3000,
              "height": 3000
            }
          }
        }
      ],
      "Département (from FOURNISSEUR)": ["SAVOIE"],
      "Code Postal (from FOURNISSEUR)": "73110",
      "Ville (from FOURNISSEUR)": "La Table",
      "STOCK DISPO (from Passerelle Stock vers BDD Produits/Producteurs)": "11",
      "Option 1": "Petit",
      "Import CSV Shopify": "FR73.0020.01326",
      "Localisation (from FOURNISSEUR)": "73110 - LA TABLE - SAVOIE"
    },
    "name": "Génépi 40°",
    "weight": "bouteille verre 0.35 L",
    "price": "13.20",
    "pricePerKg": "37.71",
    "stock": "En stock",
    "picture": "https://dl.airtable.com/.attachments/6c159961b34b9ea77cf3bcaf016751be/01da18c1/Gnpi_35cl-removebg-preview.png?ts=1654586294&userId=usrF6kLgBaja75CMj&cs=40c55e866dc65e2d"
  },
  {
    "id": "rec12gXxEoe2A6EMc",
    "info": {
      "Code Produit QotQot": "FR73.0001.00221",
      "FOURNISSEUR": "Conserverie des Alpes",
      "Produit": "Délice de Courgettes au citron vert",
      "Catégorie": ["Épicerie salée"],
      "Type": ["Tartinables"],
      "Spécificité": "Légumes",
      "Statut": "Référencé",
      "Dispo": "En stock",
      "Prix d'achat unitaire €HT": 3.59,
      "Descriptif Produit": "La légèreté de la courgette piquée par la fraîcheur du citron vert, à tartiner tout simplement sur une tranche de pain ou en accompagnement d'un poisson blanc.\n\nComposition : courgettes , oignons, ail, huile d’olive extra vierge, citron vert, piment, sel de Guérande\nPoids net : 180G",
      "Image produits sans fond": [
        {
          "id": "atttJAfnklsMNLnjz",
          "width": 500,
          "height": 500,
          "url": "https://dl.airtable.com/.attachments/250471d35fc63cfc093e5530ae4d95e0/7704eb2f/delice-de-courgette-removebg-preview.png?ts=1654586294&userId=usrF6kLgBaja75CMj&cs=822c42a7d03f9ccd",
          "filename": "delice-de-courgette-removebg-preview.png",
          "size": 264545,
          "type": "image/png",
          "thumbnails": {
            "small": {
              "url": "https://dl.airtable.com/.attachmentThumbnails/2bf38380e812f84d4821bea665fad382/d6fced00?ts=1654586294&userId=usrF6kLgBaja75CMj&cs=b131af96bd209bae",
              "width": 36,
              "height": 36
            },
            "large": {
              "url": "https://dl.airtable.com/.attachmentThumbnails/2984064bdadd80ae41d4b4cfb9835f01/68461623?ts=1654586294&userId=usrF6kLgBaja75CMj&cs=13ce2d2472efa97c",
              "width": 500,
              "height": 500
            },
            "full": {
              "url": "https://dl.airtable.com/.attachmentThumbnails/7447c5b6a7041b27045d10802fc0a914/08287d49?ts=1654586294&userId=usrF6kLgBaja75CMj&cs=a2c05b112224c0d7",
              "width": 3000,
              "height": 3000
            }
          }
        }
      ],
      "EAN 13": { "text": "3770013202155" },
      "DDM (mois)": 36,
      "UVC - Conditionnement": "bocal verre",
      "UVC - Poids/vol": 180,
      "UVC - Unité": "g",
      "Prix d'achat kg/g/L €HT": 19.944444444444446,
      "Unité d'achat(X*UV)": 12,
      "Tx TVA": 0.055,
      "Produit Pro": true,
      "Produit Particulier": true,
      "Tarif Particulier TTC": 6.059919999999999,
      "numéro": 221,
      "Code Fournisseur (from Fournisseurs)": "FR73.0001",
      "Département (from Coordonnées Sociétés)": ["SAVOIE"],
      "Franco €": "€450",
      "DESIGNATION": "DÉLICE DE COURGETTES AU CITRON VERT",
      "Conditionnement": "bocal verre 180 g",
      "Tarif Pro (HT)": 5.385,
      "Tarif Pro (HT) au Kg/L": 29.916666666666664,
      "Unité Vente": 1,
      "Tarif Particulier TTC Arrondi": 6.1000000000000005,
      "Image produits avec fond": [
        {
          "id": "attxVbuHkiJrbcm9a",
          "width": 600,
          "height": 600,
          "url": "https://dl.airtable.com/.attachments/c6015721a8a83f92aea7ff5e1f917325/287cacb4/delice-de-courgette.jpg?ts=1654586294&userId=usrF6kLgBaja75CMj&cs=e5df4f3d793c4571",
          "filename": "delice-de-courgette.jpg",
          "size": 44575,
          "type": "image/jpeg",
          "thumbnails": {
            "small": {
              "url": "https://dl.airtable.com/.attachmentThumbnails/cc65cd453e7cbc8ae2685ae938ddcb75/172737b5?ts=1654586294&userId=usrF6kLgBaja75CMj&cs=64670ae0c6a43a29",
              "width": 36,
              "height": 36
            },
            "large": {
              "url": "https://dl.airtable.com/.attachmentThumbnails/e531e68321ccfda43a6463ad49ac1438/ea7a2ffd?ts=1654586294&userId=usrF6kLgBaja75CMj&cs=85a52e3287b9114a",
              "width": 512,
              "height": 512
            },
            "full": {
              "url": "https://dl.airtable.com/.attachmentThumbnails/ae84d6bcf3742627aef5b72dd6368c0e/2a648092?ts=1654586294&userId=usrF6kLgBaja75CMj&cs=bb03381c515b7785",
              "width": 3000,
              "height": 3000
            }
          }
        }
      ],
      "Nom complet Produit pour formulaire de Mouvement de Stock": "bocal verre 180 g-DÉLICE DE COURGETTES AU CITRON VERT//Conserverie des Alpes//FR73.0001.00221",
      "Prix de vente € TTC conseillé": 5.9,
      "Prix de vente typeform € TTC": 6.7,
      "DESIGNATION TYPEFORM": "Délice de Courgettes au citron vert - 180g -  // 6.70€",
      "Hypothèse 15% marge px pro": 6.683735294117646,
      "Idée Recette": "A tartiner tout simplement sur une tranche de pain ou en accompagnement d'un poisson blanc.",
      "CATEGORIE/TYPE": "Épicerie salée>Tartinables",
      "Condi.": "bocal verre\n180 g",
      "Disponibilité": "En stock",
      "PRODUCTEUR": "CONSERVERIE DES ALPES",
      "Spécificités": "Légumes",
      "Commande Fournisseurs": "FR73.0001-06/04/2022",
      "Désignation Produit": "DÉLICE DE COURGETTES AU CITRON VERT - bocal verre 180 g",
      "Désignation Produit 1 ligne": "DÉLICE DE COURGETTES AU CITRON VERT - bocal verre 180 g",
      "Unité de vente détaillée": "1 X 180 g",
      "Délais d'appro (jours) (from FOURNISSEUR)": "21",
      "Nom de la Société (from FOURNISSEUR)": "Conserverie des Alpes",
      "Descriptif Producteur (from FOURNISSEUR)": "Nous avons créé la Conserverie des Alpes avec l’ambition de vous apporter plaisirs gustatifs et convivialité. C’est pourquoi, jour après jour, dans notre atelier situé entre Chambery et Grenoble, nous cuisinons nos recettes avec des produits de qualité et dans la tradition . Nous privilégions la vente dans les magasins proches de chez-vous, mais comme nous ne pouvons être « devant l’autoclave et sur les routes « , ce site permet au plus grand nombre de découvrir nos produits. Parce que c’est bon d’être gourmands !",
      "Photos Producteurs (from FOURNISSEUR)": [
        {
          "id": "attjcF2CJtWLGkjEK",
          "width": 512,
          "height": 728,
          "url": "https://dl.airtable.com/.attachments/32b29f93de66665409977112ba217470/e38b3484/Createurs-CDA.jpg?ts=1654586294&userId=usrF6kLgBaja75CMj&cs=ee52e17ce7e2d33b",
          "filename": "Createurs-CDA.jpg",
          "size": 43813,
          "type": "image/jpeg",
          "thumbnails": {
            "small": {
              "url": "https://dl.airtable.com/.attachmentThumbnails/ed10470eb20d1d076185c8c8af8c5f45/78397610?ts=1654586294&userId=usrF6kLgBaja75CMj&cs=db881180be934211",
              "width": 25,
              "height": 36
            },
            "large": {
              "url": "https://dl.airtable.com/.attachmentThumbnails/44c4acd035b550bbf875ea8452bae033/efe31b06?ts=1654586294&userId=usrF6kLgBaja75CMj&cs=108131636cbd9af8",
              "width": 512,
              "height": 728
            },
            "full": {
              "url": "https://dl.airtable.com/.attachmentThumbnails/df1bf8335b9e56bdaed5b79d079fa35c/9ee4a76a?ts=1654586294&userId=usrF6kLgBaja75CMj&cs=1d96d85a461781a0",
              "width": 3000,
              "height": 3000
            }
          }
        }
      ],
      "Label (from FOURNISSEUR)": ["CCF", "La région du goût", "Artisan"],
      "LABEL LOGO (from FOURNISSEUR)": [
        {
          "id": "attcurDrdzv3WKzgX",
          "width": 300,
          "height": 425,
          "url": "https://dl.airtable.com/.attachments/10facc442036878f053ebf722b1343f6/2a15cee3/plaque-paq.png?ts=1654586294&userId=usrF6kLgBaja75CMj&cs=080b49b6a7ea772d",
          "filename": "plaque-paq.png",
          "size": 138645,
          "type": "image/png",
          "thumbnails": {
            "small": {
              "url": "https://dl.airtable.com/.attachmentThumbnails/38371e0c27d08b60b7aca3de929bcf3e/e0b6290c?ts=1654586294&userId=usrF6kLgBaja75CMj&cs=cebbfc385f1e5d77",
              "width": 25,
              "height": 36
            },
            "large": {
              "url": "https://dl.airtable.com/.attachmentThumbnails/b92f3ffee601e21d2439f0ae4fa81bb4/44090614?ts=1654586294&userId=usrF6kLgBaja75CMj&cs=149ca51a9ec96106",
              "width": 300,
              "height": 425
            },
            "full": {
              "url": "https://dl.airtable.com/.attachmentThumbnails/42abe8cd9a52bb00677ca947e8e9a8a5/00a1acb8?ts=1654586294&userId=usrF6kLgBaja75CMj&cs=cdebeaaf190cc367",
              "width": 3000,
              "height": 3000
            }
          }
        },
        {
          "id": "attoI3DHRMHpznywN",
          "width": 800,
          "height": 800,
          "url": "https://dl.airtable.com/.attachments/4a3bae4d1814fec4e2ffde387cfae864/e41f1169/logos_La_region_du_Gout-03.jpg?ts=1654586294&userId=usrF6kLgBaja75CMj&cs=4dc6d95a4ce079da",
          "filename": "logos_La_region_du_Gout-03.jpg",
          "size": 70362,
          "type": "image/jpeg",
          "thumbnails": {
            "small": {
              "url": "https://dl.airtable.com/.attachmentThumbnails/3da61959bea884f02da3cdce1fcad559/688c5670?ts=1654586294&userId=usrF6kLgBaja75CMj&cs=60033a06bfbd7bb3",
              "width": 36,
              "height": 36
            },
            "large": {
              "url": "https://dl.airtable.com/.attachmentThumbnails/751437f5a1d06e5f36486efc1724af78/fe52cc4d?ts=1654586294&userId=usrF6kLgBaja75CMj&cs=c5147a277ddd54c8",
              "width": 512,
              "height": 512
            },
            "full": {
              "url": "https://dl.airtable.com/.attachmentThumbnails/a2bcbbeedac491f72e167235b1dc60ca/750a3d80?ts=1654586294&userId=usrF6kLgBaja75CMj&cs=19671c8c51d3fbc9",
              "width": 3000,
              "height": 3000
            }
          }
        },
        {
          "id": "attSI3KuvyR9WvChA",
          "width": 820,
          "height": 527,
          "url": "https://dl.airtable.com/.attachments/af20cec29a0ddcc368c0355ce52e7e8a/12cde9a3/Artisan_Logo_Image_Handicraft_PNG_1271x817px_Artisan_Area_Art_...?ts=1654586294&userId=usrF6kLgBaja75CMj&cs=9b3483ea535204b5",
          "filename": "Artisan_Logo_Image_Handicraft_PNG_1271x817px_Artisan_Area_Art_...",
          "size": 45959,
          "type": "image/jpeg",
          "thumbnails": {
            "small": {
              "url": "https://dl.airtable.com/.attachmentThumbnails/b7ba114a701b90f3cd85ad2577cd9a01/328d53c9?ts=1654586294&userId=usrF6kLgBaja75CMj&cs=5fc3883162e2d7c0",
              "width": 56,
              "height": 36
            },
            "large": {
              "url": "https://dl.airtable.com/.attachmentThumbnails/13ecb8c937681cd9299eff7240b57ba0/435556c6?ts=1654586294&userId=usrF6kLgBaja75CMj&cs=75dee0e852932cb0",
              "width": 797,
              "height": 512
            },
            "full": {
              "url": "https://dl.airtable.com/.attachmentThumbnails/da825dab455a5dda70c6e43dd599ee46/890ebc41?ts=1654586294&userId=usrF6kLgBaja75CMj&cs=29d3c522557a6ecf",
              "width": 3000,
              "height": 3000
            }
          }
        }
      ],
      "Département (from FOURNISSEUR)": ["SAVOIE"],
      "Code Postal (from FOURNISSEUR)": "73230",
      "Ville (from FOURNISSEUR)": " VEREL PRAGONDRAN",
      "STOCK DISPO (from Passerelle Stock vers BDD Produits/Producteurs)": "12",
      "Import CSV Shopify": "FR73.0001.00221",
      "Localisation (from FOURNISSEUR)": "73230 -  VEREL PRAGONDRAN - SAVOIE"
    },
    "name": "Délice de Courgettes au citron vert",
    "weight": "bocal verre 180 g",
    "price": "3.59",
    "pricePerKg": "19.94",
    "stock": "En stock",
    "picture": "https://dl.airtable.com/.attachments/250471d35fc63cfc093e5530ae4d95e0/7704eb2f/delice-de-courgette-removebg-preview.png?ts=1654586294&userId=usrF6kLgBaja75CMj&cs=822c42a7d03f9ccd"
  },
  {
    "id": "rec1PoiR1RNEc2RpL",
    "info": {
      "Code Produit QotQot": "FR42.0006.00118",
      "FOURNISSEUR": "Charles Chocolartisan",
      "Produit": "Caramel à la Fleur de Sel de Guérande",
      "Catégorie": ["Épicerie sucrée"],
      "Type": ["Pâtes à tartiner"],
      "Spécificité": "Caramel",
      "Statut": "Référencé",
      "Dispo": "En stock",
      "Prix d'achat unitaire €HT": 10.25,
      "Descriptif Produit": "Ingrédients : Du sirop de glucose-fructose, du sucre, de la CREME, du LAIT concentré sucré, du BEURRE doux, de l’eau, du BEURRE à la Fleur de sel de Guérande, du sel de Guérande et un stabilisant : de la pectine. \nLes valeurs nutritionnelles pour 100g : Energie 395 kcal (1650 kJ), Matières grasses 15g dont acides gras saturés 10g, Glucides 64g dont sucres 58g, Protéines 2g, Fibres <0,5g, Sel 0,97g. ",
      "Image produits sans fond": [
        {
          "id": "atttlBEt34pPJF61E",
          "width": 500,
          "height": 500,
          "url": "https://dl.airtable.com/.attachments/425cd5f74d6992f1463d7808d6c17ae2/e541e46b/pate-a-tartiner-charles-chocolartisan-caramel-beurre-sale-et-fleur-de-sel-de-guerande-11-kg.png?ts=1654586294&userId=usrF6kLgBaja75CMj&cs=379bf27486f7f588",
          "filename": "pate-a-tartiner-charles-chocolartisan-caramel-beurre-sale-et-fleur-de-sel-de-guerande-11-kg.png",
          "size": 173432,
          "type": "image/png",
          "thumbnails": {
            "small": {
              "url": "https://dl.airtable.com/.attachmentThumbnails/3b406bbc5c1e6e43824ae945867651f4/35d61b57?ts=1654586294&userId=usrF6kLgBaja75CMj&cs=63e31e213f1e5808",
              "width": 36,
              "height": 36
            },
            "large": {
              "url": "https://dl.airtable.com/.attachmentThumbnails/ce675cf16ab0dd31155095101e7bd55e/135839a6?ts=1654586294&userId=usrF6kLgBaja75CMj&cs=1c6ca890990ee037",
              "width": 500,
              "height": 500
            },
            "full": {
              "url": "https://dl.airtable.com/.attachmentThumbnails/7bd4822333fc8845616663e1c4cb4d71/30d94247?ts=1654586294&userId=usrF6kLgBaja75CMj&cs=b7f55ee71c31053b",
              "width": 3000,
              "height": 3000
            }
          }
        }
      ],
      "EAN 13": { "text": "3 700 774 301 064" },
      "DDM (mois)": 12,
      "UVC - Conditionnement": "Pot PET",
      "UVC - Poids/vol": 1.1,
      "UVC - Unité": "kg",
      "Prix d'achat kg/g/L €HT": 9.318181818181817,
      "Unité d'achat(X*UV)": 6,
      "Tx TVA": 0.055,
      "Produit Pro": true,
      "Tarif Particulier TTC": 17.302,
      "numéro": 118,
      "Code Fournisseur (from Fournisseurs)": "FR42.0006",
      "Département (from Coordonnées Sociétés)": ["LOIRE"],
      "Franco €": "€250",
      "DESIGNATION": "CARAMEL À LA FLEUR DE SEL DE GUÉRANDE",
      "Conditionnement": "Pot PET 1.1 kg",
      "Tarif Pro (HT)": 15.375,
      "Tarif Pro (HT) au Kg/L": 13.977272727272727,
      "Unité Vente": 1,
      "Tarif Particulier TTC Arrondi": 17.400000000000002,
      "Commentaire descriptif": "\n\n",
      "Image produits avec fond": [
        {
          "id": "attAK7txTMOZxgbOr",
          "width": 500,
          "height": 500,
          "url": "https://dl.airtable.com/.attachments/61a549d9a05130333fe604522872ce59/37f2f8a0/pate-a-tartiner-charles-chocolartisan-caramel-beurre-sale-et-fleur-de-sel-de-guerande-11-kg.png?ts=1654586294&userId=usrF6kLgBaja75CMj&cs=0249ed4d9f24f434",
          "filename": "pate-a-tartiner-charles-chocolartisan-caramel-beurre-sale-et-fleur-de-sel-de-guerande-11-kg.png",
          "size": 173432,
          "type": "image/png",
          "thumbnails": {
            "small": {
              "url": "https://dl.airtable.com/.attachmentThumbnails/c3557f98da3e0f9aab75646a03499d2a/511bdafc?ts=1654586294&userId=usrF6kLgBaja75CMj&cs=1f8f193c6fdec237",
              "width": 36,
              "height": 36
            },
            "large": {
              "url": "https://dl.airtable.com/.attachmentThumbnails/5bbf043fe4b8e46aaf5c1d98aaf40639/3e862613?ts=1654586294&userId=usrF6kLgBaja75CMj&cs=f853080ed1b4bdfd",
              "width": 500,
              "height": 500
            },
            "full": {
              "url": "https://dl.airtable.com/.attachmentThumbnails/80b486724128cb04e4600c4673961464/05ba40cc?ts=1654586294&userId=usrF6kLgBaja75CMj&cs=d59d44797e727df8",
              "width": 3000,
              "height": 3000
            }
          }
        }
      ],
      "Nom complet Produit pour formulaire de Mouvement de Stock": "Pot PET 1.1 kg-CARAMEL À LA FLEUR DE SEL DE GUÉRANDE//Charles Chocolartisan//FR42.0006.00118",
      "Prix de vente € TTC conseillé": 20.5,
      "Prix de vente typeform € TTC": 19.1,
      "DESIGNATION TYPEFORM": "Caramel à la Fleur de Sel de Guérande - 1.1kg -  // 19.10€",
      "Hypothèse 15% marge px pro": 19.083088235294117,
      "CATEGORIE/TYPE": "Épicerie sucrée>Pâtes à tartiner",
      "Condi.": "Pot PET\n1.1 kg",
      "Disponibilité": "En stock",
      "PRODUCTEUR": "CHARLES CHOCOLARTISAN",
      "Spécificités": "Caramel",
      "Désignation Produit": "CARAMEL À LA FLEUR DE SEL DE GUÉRANDE - Pot PET 1.1 kg",
      "Désignation Produit 1 ligne": "CARAMEL À LA FLEUR DE SEL DE GUÉRANDE - Pot PET 1.1 kg",
      "Unité de vente détaillée": "1 X 1.1 kg",
      "Délais d'appro (jours) (from FOURNISSEUR)": "10",
      "Nom de la Société (from FOURNISSEUR)": "Charles Chocolartisan",
      "Descriptif Producteur (from FOURNISSEUR)": "Pâtes à tartiner sans huile de palme.  - des produits trop bons à l'intérieur - avec des ingrédients naturels et de qualité - et un brin d'histoire aussi FABRICATION 100% FRANCAISE ! Le site de production Charles Chocolartisan se situe à Civens, un petit village du département de la Loire, non loin de Saint-Etienne et de Lyon. C’est ici que les plus grands secrets tartinés sont gardés ! Toutes les recettes sont fabriquées sur le territoire ligérien par les petites mains de nos écureuils, avec des matières premières issues de l'agriculture Française, lorsque cela est rendu possible bien sûr (plutôt complexe de cultiver le cacao dans son jardin).   BIENVEILLANCE ! C'est être bienveillant envers ceux et celles qui nous entourent et faire intervenir le plus possible les acteurs locaux. C'est aussi respecter l'environnement en utilisant seulement des produits sains et naturels. Enfin, être bienveillant c'est aussi prendre soin de TA santé, et celle de tous nos gourmands avec des pâtes à tartiner sans conservateur, sans arôme artificiel, sans additif chimique et SANS HUILE DE PALME. Roland CHARLES est chocolatier artisan depuis 2005. MAITRE ARTISAN",
      "Photos Producteurs (from FOURNISSEUR)": [
        {
          "id": "attlyCwSWsJVVaZIA",
          "width": 5184,
          "height": 3456,
          "url": "https://dl.airtable.com/.attachments/6eddd894aefe0270b2280f1454e78a73/f3e491d7/Made_In_Craft_spread?ts=1654586294&userId=usrF6kLgBaja75CMj&cs=c13819b84cfaff20",
          "filename": "Made_In_Craft_spread",
          "size": 2141430,
          "type": "image/jpeg",
          "thumbnails": {
            "small": {
              "url": "https://dl.airtable.com/.attachmentThumbnails/de6c90224f0151739c12abd7467357fd/c2bc654e?ts=1654586294&userId=usrF6kLgBaja75CMj&cs=96ce4f8bf32640fc",
              "width": 54,
              "height": 36
            },
            "large": {
              "url": "https://dl.airtable.com/.attachmentThumbnails/6bd8ecb64b9e96498a2fe1ee79e6f4d0/0b0c54db?ts=1654586294&userId=usrF6kLgBaja75CMj&cs=fcfa2d0146a5093e",
              "width": 768,
              "height": 512
            },
            "full": {
              "url": "https://dl.airtable.com/.attachmentThumbnails/ae7f4fdf8b25234b63bc4bec1298a6b9/646d8ec8?ts=1654586294&userId=usrF6kLgBaja75CMj&cs=4c70505f8b89b0b4",
              "width": 3000,
              "height": 3000
            }
          }
        }
      ],
      "Label (from FOURNISSEUR)": ["Maitre Artisan"],
      "LABEL LOGO (from FOURNISSEUR)": [
        {
          "id": "atteoANboPg1rt7qO",
          "width": 500,
          "height": 500,
          "url": "https://dl.airtable.com/.attachments/1666ef036bbf7ef0f736298627086a50/e835b947/d11187.png?ts=1654586294&userId=usrF6kLgBaja75CMj&cs=940682eef8138829",
          "filename": "d11187.png",
          "size": 24032,
          "type": "image/png",
          "thumbnails": {
            "small": {
              "url": "https://dl.airtable.com/.attachmentThumbnails/f4f7d5dbba88423af7f3d4db934f11bb/c318ffd2?ts=1654586294&userId=usrF6kLgBaja75CMj&cs=cc6c831b7b19ce6e",
              "width": 36,
              "height": 36
            },
            "large": {
              "url": "https://dl.airtable.com/.attachmentThumbnails/cc82b4b4a4afecd526f70be6b662d042/45f6edb2?ts=1654586294&userId=usrF6kLgBaja75CMj&cs=d98956868f0bdab5",
              "width": 500,
              "height": 500
            },
            "full": {
              "url": "https://dl.airtable.com/.attachmentThumbnails/e814e533d08305a5ca64aa5ee51b3c2c/8aa2f1a8?ts=1654586294&userId=usrF6kLgBaja75CMj&cs=5873acc6a6e85048",
              "width": 3000,
              "height": 3000
            }
          }
        }
      ],
      "Département (from FOURNISSEUR)": ["LOIRE"],
      "Code Postal (from FOURNISSEUR)": "42110",
      "Ville (from FOURNISSEUR)": "CIVENS",
      "STOCK DISPO (from Passerelle Stock vers BDD Produits/Producteurs)": "5",
      "Option 1": "Très Grand",
      "Localisation (from FOURNISSEUR)": "42110 - CIVENS - LOIRE"
    },
    "name": "Caramel à la Fleur de Sel de Guérande",
    "weight": "Pot PET 1.1 kg",
    "price": "10.25",
    "pricePerKg": "9.32",
    "stock": "En stock",
    "picture": "https://dl.airtable.com/.attachments/425cd5f74d6992f1463d7808d6c17ae2/e541e46b/pate-a-tartiner-charles-chocolartisan-caramel-beurre-sale-et-fleur-de-sel-de-guerande-11-kg.png?ts=1654586294&userId=usrF6kLgBaja75CMj&cs=379bf27486f7f588"
  },
  {
    "id": "rec1RGbjuE7qDFLUG",
    "info": {
      "Code Produit QotQot": "FR01.0007.00632",
      "FOURNISSEUR": "Max Daumin",
      "Produit": "Curry « Recette Maison » / Assemblage 12 épices",
      "Catégorie": ["Épicerie salée"],
      "Type": ["Epices"],
      "Spécificité": "Assemblage d'épices",
      "Statut": "Référencé",
      "Dispo": "En rupture",
      "Prix d'achat unitaire €HT": 3.85,
      "Descriptif Produit": "La recette maison du curry est élaborée par Max. C’est un assemblage subtil de 12 épices. Il vous apportera des notes fruitées et florales avec de puissants parfums. C’est un curry doux, pas de piquant au programme. Les épices qui le composent viennent d’Inde, Madagascar, Hongrie et France. Toutes sélectionnées directement par nos soins. ",
      "Image produits sans fond": [
        {
          "id": "attYMeAHDB0gUoEZV",
          "width": 500,
          "height": 500,
          "url": "https://dl.airtable.com/.attachments/45fade667716583882d76f3f8a94aa0a/ef8bd0c0/Curry_Recette_Maison-removebg-preview.png?ts=1654586294&userId=usrF6kLgBaja75CMj&cs=da974d44a891c6fd",
          "filename": "Curry_Recette_Maison-removebg-preview.png",
          "size": 120732,
          "type": "image/png",
          "thumbnails": {
            "small": {
              "url": "https://dl.airtable.com/.attachmentThumbnails/00511bdf9818563822ba4870b7b2250f/90adb94b?ts=1654586294&userId=usrF6kLgBaja75CMj&cs=809d899914b0a59d",
              "width": 36,
              "height": 36
            },
            "large": {
              "url": "https://dl.airtable.com/.attachmentThumbnails/7daa0b639d69d7c3419cb7acc5904746/3be8605b?ts=1654586294&userId=usrF6kLgBaja75CMj&cs=caa5927efde08418",
              "width": 500,
              "height": 500
            },
            "full": {
              "url": "https://dl.airtable.com/.attachmentThumbnails/f2329a67f20538c1d8afaee3bbd192ce/26398b86?ts=1654586294&userId=usrF6kLgBaja75CMj&cs=1a921966375126aa",
              "width": 3000,
              "height": 3000
            }
          }
        }
      ],
      "EAN 13": { "text": "3770007570185" },
      "UVC - Conditionnement": "boite",
      "UVC - Poids/vol": 10,
      "UVC - Unité": " berlingots",
      "Prix d'achat kg/g/L €HT": 0.385,
      "Unité d'achat(X*UV)": 10,
      "Tx TVA": 0.055,
      "Produit Pro": true,
      "Produit Particulier": true,
      "Tarif Particulier TTC": 6.4988,
      "numéro": 632,
      "Code Fournisseur (from Fournisseurs)": "FR01.0007",
      "Département (from Coordonnées Sociétés)": ["AIN"],
      "Franco €": "€250",
      "DESIGNATION": "CURRY « RECETTE MAISON » / ASSEMBLAGE 12 ÉPICES",
      "Conditionnement": "boite 10  berlingots",
      "Tarif Pro (HT)": 5.775,
      "Tarif Pro (HT) au Kg/L": 0.5775,
      "Unité Vente": 1,
      "Tarif Particulier TTC Arrondi": 6.5,
      "Image produits avec fond": [
        {
          "id": "attQpCM9iLpD3jQvA",
          "width": 613,
          "height": 613,
          "url": "https://dl.airtable.com/.attachments/31cb5f055187cdfbe264a638e82df4f6/0a9ada20/CurryRecetteMaison.jpg?ts=1654586294&userId=usrF6kLgBaja75CMj&cs=26614ff3d6f3a68f",
          "filename": "Curry Recette Maison.jpg",
          "size": 39521,
          "type": "image/jpeg",
          "thumbnails": {
            "small": {
              "url": "https://dl.airtable.com/.attachmentThumbnails/43cbc90e41ccea41e8022a3008ee283e/f458913d?ts=1654586294&userId=usrF6kLgBaja75CMj&cs=bfd7961b00e89e5e",
              "width": 36,
              "height": 36
            },
            "large": {
              "url": "https://dl.airtable.com/.attachmentThumbnails/83d75a33de30a3aec244bd5e27a5824d/b6d181e7?ts=1654586294&userId=usrF6kLgBaja75CMj&cs=dfb77a63839a3b17",
              "width": 512,
              "height": 512
            },
            "full": {
              "url": "https://dl.airtable.com/.attachmentThumbnails/e9ab871481e41a07e43c03ca50943a01/c1671e9c?ts=1654586294&userId=usrF6kLgBaja75CMj&cs=0402ebad6a72718b",
              "width": 3000,
              "height": 3000
            }
          }
        }
      ],
      "Nom complet Produit pour formulaire de Mouvement de Stock": "boite 10  berlingots-CURRY « RECETTE MAISON » / ASSEMBLAGE 12 ÉPICES//Max Daumin//FR01.0007.00632",
      "Prix de vente € TTC conseillé": 7.1,
      "Prix de vente typeform € TTC": 7.2,
      "DESIGNATION TYPEFORM": "Curry « Recette Maison » / Assemblage 12 épices - 10 berlingots -  // 7.20€",
      "Hypothèse 15% marge px pro": 7.167794117647059,
      "CATEGORIE/TYPE": "Épicerie salée>Epices",
      "Condi.": "boite\n10  berlingots",
      "Disponibilité": "En rupture",
      "PRODUCTEUR": "MAX DAUMIN",
      "Spécificités": "Assemblage d'épices",
      "Désignation Produit": "CURRY « RECETTE MAISON » / ASSEMBLAGE 12 ÉPICES - boite 10  berlingots",
      "Désignation Produit 1 ligne": "CURRY « RECETTE MAISON » / ASSEMBLAGE 12 ÉPICES - boite 10  berlingots",
      "Unité de vente détaillée": "1 X 10  berlingots",
      "Délais d'appro (jours) (from FOURNISSEUR)": "15",
      "Nom de la Société (from FOURNISSEUR)": "Max Daumin",
      "Descriptif Producteur (from FOURNISSEUR)": "Des épices de producteurs La maitrise de la qualité gustative des épices et poivres ne peut se faire que si l’on maitrise la récolte et qui plante vos épices. Max Daumin sélectionne ainsi des épices brutes, non moulues directement auprès de ses producteurs en France et dans le monde. Fabrication de nos packagings en Auvergne-Rhône-Alpes et mouture réalisée dans l'Ain.",
      "Photos Producteurs (from FOURNISSEUR)": [
        {
          "id": "attYAOOy5uOVlVR6S",
          "width": 2048,
          "height": 2048,
          "url": "https://dl.airtable.com/.attachments/64e33a9c190c59001abdb8f17b3633dd/ff897487/219894231_1444958569205856_6064492114380868409_n.jpg?ts=1654586294&userId=usrF6kLgBaja75CMj&cs=4f174d77651ec16f",
          "filename": "219894231_1444958569205856_6064492114380868409_n.jpg",
          "size": 1262576,
          "type": "image/jpeg",
          "thumbnails": {
            "small": {
              "url": "https://dl.airtable.com/.attachmentThumbnails/b432dfd0cdcdd317555e1cddf12365ee/ccdd2c2c?ts=1654586294&userId=usrF6kLgBaja75CMj&cs=eb97483b05c904ac",
              "width": 36,
              "height": 36
            },
            "large": {
              "url": "https://dl.airtable.com/.attachmentThumbnails/186d0dcefbef6a13df5925cadc565ab4/a16281cb?ts=1654586294&userId=usrF6kLgBaja75CMj&cs=5f4c7f34eff73003",
              "width": 512,
              "height": 512
            },
            "full": {
              "url": "https://dl.airtable.com/.attachmentThumbnails/133b79275186e894d892ab82f66dffab/4d10634d?ts=1654586294&userId=usrF6kLgBaja75CMj&cs=88fdfbd5960bb3bd",
              "width": 3000,
              "height": 3000
            }
          }
        }
      ],
      "Label (from FOURNISSEUR)": ["AB", "CCF"],
      "LABEL LOGO (from FOURNISSEUR)": [
        {
          "id": "attOjlB3OP92IAQLw",
          "width": 1335,
          "height": 606,
          "url": "https://dl.airtable.com/.attachments/bde3a9041e764a52284e9d7e724c6906/c4f70304/Capture-2.png?ts=1654586294&userId=usrF6kLgBaja75CMj&cs=7a13c35073f4693a",
          "filename": "Capture-2.png",
          "size": 105113,
          "type": "image/png",
          "thumbnails": {
            "small": {
              "url": "https://dl.airtable.com/.attachmentThumbnails/d610587c76107b1b40e5a9504a63a299/420fc780?ts=1654586294&userId=usrF6kLgBaja75CMj&cs=70b0e4f3e026dd6b",
              "width": 79,
              "height": 36
            },
            "large": {
              "url": "https://dl.airtable.com/.attachmentThumbnails/5e662ed8382bb04d74a88e0fd59474a4/1071aab4?ts=1654586294&userId=usrF6kLgBaja75CMj&cs=4b212cfb1743424b",
              "width": 1128,
              "height": 512
            },
            "full": {
              "url": "https://dl.airtable.com/.attachmentThumbnails/e515a39fdc1988e16ad042723ede9501/17bb594b?ts=1654586294&userId=usrF6kLgBaja75CMj&cs=694b54ee1f00f647",
              "width": 3000,
              "height": 3000
            }
          }
        },
        {
          "id": "attMuhgIz0i6EF3sO",
          "width": 562,
          "height": 796,
          "url": "https://dl.airtable.com/.attachments/ac55e066dc4c694c226bc7aa3603b3ff/31baf7ba/PAQ_LOGO_DTOUR.png?ts=1654586294&userId=usrF6kLgBaja75CMj&cs=688ef98d43b2fe07",
          "filename": "PAQ_LOGO_DÉTOURÉ.png",
          "size": 123333,
          "type": "image/png",
          "thumbnails": {
            "small": {
              "url": "https://dl.airtable.com/.attachmentThumbnails/e4ab024c3f5ae6d6703b12b21c377b2f/011e11ad?ts=1654586294&userId=usrF6kLgBaja75CMj&cs=7febad892daee4e2",
              "width": 25,
              "height": 36
            },
            "large": {
              "url": "https://dl.airtable.com/.attachmentThumbnails/e38099c48c3548fe4a91ffd6022b1f90/5617c169?ts=1654586294&userId=usrF6kLgBaja75CMj&cs=9b828de300ba475b",
              "width": 512,
              "height": 725
            },
            "full": {
              "url": "https://dl.airtable.com/.attachmentThumbnails/3c384b36e8ef6fad60696f0f487e36e2/7835c7a6?ts=1654586294&userId=usrF6kLgBaja75CMj&cs=62ac7cb5884e8b9a",
              "width": 3000,
              "height": 3000
            }
          }
        },
        {
          "id": "attIF8nQPkfYQg3PD",
          "width": 245,
          "height": 245,
          "url": "https://dl.airtable.com/.attachments/30a5ed2ed078555a4bcfe03684fb85eb/372ed40a/IGP_inao_image_block.png?ts=1654586294&userId=usrF6kLgBaja75CMj&cs=3d50c67929537429",
          "filename": "IGP_inao_image_block.png",
          "size": 240796,
          "type": "image/png",
          "thumbnails": {
            "small": {
              "url": "https://dl.airtable.com/.attachmentThumbnails/0333ed4b7a128b7d06619f73677c9d6f/8c5f0926?ts=1654586294&userId=usrF6kLgBaja75CMj&cs=3e62618ee4eec0b4",
              "width": 36,
              "height": 36
            },
            "large": {
              "url": "https://dl.airtable.com/.attachmentThumbnails/c4178b165dbce5f0be0c580da79693eb/c4b7af40?ts=1654586294&userId=usrF6kLgBaja75CMj&cs=2a27ff491dd65a43",
              "width": 245,
              "height": 245
            },
            "full": {
              "url": "https://dl.airtable.com/.attachmentThumbnails/a5071bafb6139fdd1692b3869089d1a7/2cb765ef?ts=1654586294&userId=usrF6kLgBaja75CMj&cs=581cc153ce14c337",
              "width": 3000,
              "height": 3000
            }
          }
        }
      ],
      "Département (from FOURNISSEUR)": ["AIN"],
      "Code Postal (from FOURNISSEUR)": "01450",
      "Ville (from FOURNISSEUR)": "LEYSSARD",
      "STOCK DISPO (from Passerelle Stock vers BDD Produits/Producteurs)": "0",
      "Import CSV Shopify": "FR01.0007.00632",
      "Localisation (from FOURNISSEUR)": "01450 - LEYSSARD - AIN"
    },
    "name": "Curry « Recette Maison » / Assemblage 12 épices",
    "weight": "boite 10  berlingots",
    "price": "3.85",
    "pricePerKg": "0.39",
    "stock": "En rupture",
    "picture": "https://dl.airtable.com/.attachments/45fade667716583882d76f3f8a94aa0a/ef8bd0c0/Curry_Recette_Maison-removebg-preview.png?ts=1654586294&userId=usrF6kLgBaja75CMj&cs=da974d44a891c6fd"
  },
  {
    "id": "rec1vgTfzin18JEWv",
    "info": {
      "Code Produit QotQot": "FR30.0012.00884",
      "FOURNISSEUR": "Riz Canavere Camargue",
      "Produit": "Riz de Camargue IGP long rouge \"Canavere\" - cuisson 18 min",
      "Catégorie": ["Épicerie salée"],
      "Type": ["Riz"],
      "Spécificité": "Rouge",
      "Statut": "Référencé",
      "Dispo": "En stock",
      "Prix d'achat unitaire €HT": 11.77,
      "Descriptif Produit": "Le Riz Long Rouge de Camargue fait partie de la famille des riz complets. Son enveloppe brune ou rouge est complètement naturelle. Riche en anthocyanine et antioxydant, il sera un véritable allié santé à vos plats du quotidien. Il gardera ses pigments après cuisson et saura ajouter une touche de peps et de couleurs à vos assiettes. Une fois cuit il restera ferme et croquant tout en laissant  apparaître un léger goût de noisette. Très chargé en fibres, il convient à de nombreux régimes.  ",
      "Image produits sans fond": [
        {
          "id": "attcCYZ19kOEqXkQW",
          "width": 437,
          "height": 571,
          "url": "https://dl.airtable.com/.attachments/2051d6e6f0685e1a3a67ef942de41264/0dfc09b2/Screenshot_2021-12-02_at_14-26-23_Riz_Camargue_Long_Rouge_IGP_5_KG_-_Canavere-removebg-preview.png?ts=1654586294&userId=usrF6kLgBaja75CMj&cs=5b1f15d597041309",
          "filename": "Screenshot_2021-12-02_at_14-26-23_Riz_Camargue_Long_Rouge_IGP_5_KG_-_Canavere-removebg-preview.png",
          "size": 406345,
          "type": "image/png",
          "thumbnails": {
            "small": {
              "url": "https://dl.airtable.com/.attachmentThumbnails/1244b20a7fb33fdb5c55ca134d736f7c/7a2ca199?ts=1654586294&userId=usrF6kLgBaja75CMj&cs=cfac1f7d2e8c8e34",
              "width": 28,
              "height": 36
            },
            "large": {
              "url": "https://dl.airtable.com/.attachmentThumbnails/59dd5c1f8f0277dafa07b0f1ef44834b/e0121c83?ts=1654586294&userId=usrF6kLgBaja75CMj&cs=832ef567c3934d2e",
              "width": 437,
              "height": 571
            },
            "full": {
              "url": "https://dl.airtable.com/.attachmentThumbnails/672b97aa8d5a00dbeec9685bfcf806be/3ccef5b6?ts=1654586294&userId=usrF6kLgBaja75CMj&cs=9b9e1bb80c4b19b9",
              "width": 3000,
              "height": 3000
            }
          }
        }
      ],
      "EAN 13": { "text": "3520991950285" },
      "SIQO": ["IGP"],
      "Référence Fournisseur": "0026",
      "UVC - Conditionnement": "sac",
      "UVC - Poids/vol": 5,
      "UVC - Unité": "kg",
      "Prix d'achat kg/g/L €HT": 2.354,
      "Unité d'achat(X*UV)": 4,
      "Tx TVA": 0.055,
      "Produit Pro": true,
      "Tarif Particulier TTC": 19.86776,
      "Commentaires": "RHF - Produits soumis au cours, pouvant entraîner des fluctuations de prix\nsous réerve de disponibilité",
      "numéro": 884,
      "Code Fournisseur (from Fournisseurs)": "FR30.0012",
      "Département (from Coordonnées Sociétés)": ["GARD"],
      "DESIGNATION": "RIZ DE CAMARGUE IGP LONG ROUGE \"CANAVERE\" - CUISSON 18 MIN - IGP",
      "Conditionnement": "sac 5 kg",
      "Tarif Pro (HT)": 17.655,
      "Tarif Pro (HT) au Kg/L": 3.531,
      "Unité Vente": 1,
      "Tarif Particulier TTC Arrondi": 19.900000000000002,
      "LABEL": [
        {
          "id": "attpiASv6llbLqJjW",
          "width": 245,
          "height": 245,
          "url": "https://dl.airtable.com/.attachments/4ddebfa3010a70593140d0b7fa459db2/61771ed5/8c3d1490?ts=1654586294&userId=usrF6kLgBaja75CMj&cs=569efa4e1496bff9",
          "filename": "8c3d1490",
          "size": 45917,
          "type": "image/png",
          "thumbnails": {
            "small": {
              "url": "https://dl.airtable.com/.attachmentThumbnails/08eb6f2363ca31fb0052ed9df23ee4b0/69417b30?ts=1654586294&userId=usrF6kLgBaja75CMj&cs=428f5d7a64e8c6f3",
              "width": 36,
              "height": 36
            },
            "large": {
              "url": "https://dl.airtable.com/.attachmentThumbnails/8bb10436d71fec8a3842cbc5f7b1d681/359ba35b?ts=1654586294&userId=usrF6kLgBaja75CMj&cs=e0673a97d3acff3e",
              "width": 245,
              "height": 245
            },
            "full": {
              "url": "https://dl.airtable.com/.attachmentThumbnails/53f49e50cb06aee94e6d222d22ed9356/c107708c?ts=1654586294&userId=usrF6kLgBaja75CMj&cs=3c48513297b2a43b",
              "width": 3000,
              "height": 3000
            }
          }
        }
      ],
      "Image produits avec fond": [
        {
          "id": "attc9ohkKIY9377fT",
          "width": 455,
          "height": 430,
          "url": "https://dl.airtable.com/.attachments/f728231d8f434aae1c430c6bece33c04/9aa826a4/Captureweb_13-12-2021_1453_canavere.fr.jpeg?ts=1654586294&userId=usrF6kLgBaja75CMj&cs=77a13a9280c1c009",
          "filename": "Capture web_13-12-2021_1453_canavere.fr.jpeg",
          "size": 56183,
          "type": "image/jpeg",
          "thumbnails": {
            "small": {
              "url": "https://dl.airtable.com/.attachmentThumbnails/88858ad0375895a4f6730250ce6d4f67/543a7248?ts=1654586294&userId=usrF6kLgBaja75CMj&cs=08bfc30d020cc3e8",
              "width": 38,
              "height": 36
            },
            "large": {
              "url": "https://dl.airtable.com/.attachmentThumbnails/167fc8ce130c987ea52afdb9791fafba/797cbe46?ts=1654586294&userId=usrF6kLgBaja75CMj&cs=5677a6da7b78623d",
              "width": 455,
              "height": 430
            },
            "full": {
              "url": "https://dl.airtable.com/.attachmentThumbnails/6135110cf3627760f4837cef0282f24f/d038531a?ts=1654586294&userId=usrF6kLgBaja75CMj&cs=a0821eb339cef679",
              "width": 3000,
              "height": 3000
            }
          }
        }
      ],
      "Nom complet Produit pour formulaire de Mouvement de Stock": "sac 5 kg-RIZ DE CAMARGUE IGP LONG ROUGE \"CANAVERE\" - CUISSON 18 MIN - IGP//Riz Canavere Camargue//FR30.0012.00884",
      "DESIGNATION TYPEFORM": "Riz de Camargue IGP long rouge \"Canavere\" - cuisson 18 min - 5kg - IGP // 0€",
      "Hypothèse 15% marge px pro": 21.912970588235297,
      "CATEGORIE/TYPE": "Épicerie salée>Riz",
      "Condi.": "sac\n5 kg",
      "Disponibilité": "En stock",
      "PRODUCTEUR": "RIZ CANAVERE CAMARGUE",
      "Spécificités": "Rouge",
      "Désignation Produit": "RIZ DE CAMARGUE IGP LONG ROUGE \"CANAVERE\" - CUISSON 18 MIN - IGP - sac 5 kg",
      "Désignation Produit 1 ligne": "RIZ DE CAMARGUE IGP LONG ROUGE \"CANAVERE\" - CUISSON 18 MIN - IGP - sac 5 kg",
      "Unité de vente détaillée": "1 X 5 kg",
      "Délais d'appro (jours) (from FOURNISSEUR)": "15",
      "Nom de la Société (from FOURNISSEUR)": "Riz Canavere Camargue",
      "Descriptif Producteur (from FOURNISSEUR)": "Découvrez le riz de Camargue au travers de notre passion & notre savoir-faire familiale. UNE ENTREPRISE FAMILIALE La société Benoit Riz de Canavere a été fondée en 1993, par Jean Louis Benoit, fils de Louis Benoit, riziculteurs Camarguais de père en fils. Précurseur dans la riziculture en Camargue, \"Canavere\" est une entreprise familiale qui travaille depuis 4 générations au développement d’une production agricole respectueuse des sols et des Hommes : « Nous défendons une agriculture raisonnée ; et nous ne nous plierons pas à l’effet de mode du Green Marketing » qui consiste à marketer les produits BIO ou « Organic » sans conscience exacte de la provenance et la fabrication de notre produit. Riz semé, cultivé & emballé en Camargue dans un rayon de 30km Estampillé Sud de France, IGP, sans Gluten",
      "Photos Producteurs (from FOURNISSEUR)": [
        {
          "id": "attZDGnYYdclQEm77",
          "width": 1440,
          "height": 1440,
          "url": "https://dl.airtable.com/.attachments/56a872a411d285a32c78569cd73a17b3/feb1c8fa/123602542_3453678604701117_152993012696548202_n.jpg?ts=1654586294&userId=usrF6kLgBaja75CMj&cs=195c698b2ab2e194",
          "filename": "123602542_3453678604701117_152993012696548202_n.jpg",
          "size": 346171,
          "type": "image/jpeg",
          "thumbnails": {
            "small": {
              "url": "https://dl.airtable.com/.attachmentThumbnails/285e15f2ad7ba136c900ad2fe7776fd8/35d04ee2?ts=1654586294&userId=usrF6kLgBaja75CMj&cs=1037487add9023e1",
              "width": 36,
              "height": 36
            },
            "large": {
              "url": "https://dl.airtable.com/.attachmentThumbnails/cfd0c1cca8979734d536292fcd10c980/dc5f692b?ts=1654586294&userId=usrF6kLgBaja75CMj&cs=3a943a9bac40202e",
              "width": 512,
              "height": 512
            },
            "full": {
              "url": "https://dl.airtable.com/.attachmentThumbnails/022baf280ed074a8a7b07899512114ee/29f83b23?ts=1654586294&userId=usrF6kLgBaja75CMj&cs=a7ea931c6eaf58d0",
              "width": 3000,
              "height": 3000
            }
          }
        }
      ],
      "Label (from FOURNISSEUR)": ["AB", "CCF", "IGP"],
      "LABEL LOGO (from FOURNISSEUR)": [
        {
          "id": "attOjlB3OP92IAQLw",
          "width": 1335,
          "height": 606,
          "url": "https://dl.airtable.com/.attachments/bde3a9041e764a52284e9d7e724c6906/c4f70304/Capture-2.png?ts=1654586294&userId=usrF6kLgBaja75CMj&cs=7a13c35073f4693a",
          "filename": "Capture-2.png",
          "size": 105113,
          "type": "image/png",
          "thumbnails": {
            "small": {
              "url": "https://dl.airtable.com/.attachmentThumbnails/d610587c76107b1b40e5a9504a63a299/420fc780?ts=1654586294&userId=usrF6kLgBaja75CMj&cs=70b0e4f3e026dd6b",
              "width": 79,
              "height": 36
            },
            "large": {
              "url": "https://dl.airtable.com/.attachmentThumbnails/5e662ed8382bb04d74a88e0fd59474a4/1071aab4?ts=1654586294&userId=usrF6kLgBaja75CMj&cs=4b212cfb1743424b",
              "width": 1128,
              "height": 512
            },
            "full": {
              "url": "https://dl.airtable.com/.attachmentThumbnails/e515a39fdc1988e16ad042723ede9501/17bb594b?ts=1654586294&userId=usrF6kLgBaja75CMj&cs=694b54ee1f00f647",
              "width": 3000,
              "height": 3000
            }
          }
        },
        {
          "id": "attMuhgIz0i6EF3sO",
          "width": 562,
          "height": 796,
          "url": "https://dl.airtable.com/.attachments/ac55e066dc4c694c226bc7aa3603b3ff/31baf7ba/PAQ_LOGO_DTOUR.png?ts=1654586294&userId=usrF6kLgBaja75CMj&cs=688ef98d43b2fe07",
          "filename": "PAQ_LOGO_DÉTOURÉ.png",
          "size": 123333,
          "type": "image/png",
          "thumbnails": {
            "small": {
              "url": "https://dl.airtable.com/.attachmentThumbnails/e4ab024c3f5ae6d6703b12b21c377b2f/011e11ad?ts=1654586294&userId=usrF6kLgBaja75CMj&cs=7febad892daee4e2",
              "width": 25,
              "height": 36
            },
            "large": {
              "url": "https://dl.airtable.com/.attachmentThumbnails/e38099c48c3548fe4a91ffd6022b1f90/5617c169?ts=1654586294&userId=usrF6kLgBaja75CMj&cs=9b828de300ba475b",
              "width": 512,
              "height": 725
            },
            "full": {
              "url": "https://dl.airtable.com/.attachmentThumbnails/3c384b36e8ef6fad60696f0f487e36e2/7835c7a6?ts=1654586294&userId=usrF6kLgBaja75CMj&cs=62ac7cb5884e8b9a",
              "width": 3000,
              "height": 3000
            }
          }
        },
        {
          "id": "attIF8nQPkfYQg3PD",
          "width": 245,
          "height": 245,
          "url": "https://dl.airtable.com/.attachments/30a5ed2ed078555a4bcfe03684fb85eb/372ed40a/IGP_inao_image_block.png?ts=1654586294&userId=usrF6kLgBaja75CMj&cs=3d50c67929537429",
          "filename": "IGP_inao_image_block.png",
          "size": 240796,
          "type": "image/png",
          "thumbnails": {
            "small": {
              "url": "https://dl.airtable.com/.attachmentThumbnails/0333ed4b7a128b7d06619f73677c9d6f/8c5f0926?ts=1654586294&userId=usrF6kLgBaja75CMj&cs=3e62618ee4eec0b4",
              "width": 36,
              "height": 36
            },
            "large": {
              "url": "https://dl.airtable.com/.attachmentThumbnails/c4178b165dbce5f0be0c580da79693eb/c4b7af40?ts=1654586294&userId=usrF6kLgBaja75CMj&cs=2a27ff491dd65a43",
              "width": 245,
              "height": 245
            },
            "full": {
              "url": "https://dl.airtable.com/.attachmentThumbnails/a5071bafb6139fdd1692b3869089d1a7/2cb765ef?ts=1654586294&userId=usrF6kLgBaja75CMj&cs=581cc153ce14c337",
              "width": 3000,
              "height": 3000
            }
          }
        }
      ],
      "Département (from FOURNISSEUR)": ["GARD"],
      "Code Postal (from FOURNISSEUR)": "30800",
      "Ville (from FOURNISSEUR)": "Saint Gilles",
      "STOCK DISPO (from Passerelle Stock vers BDD Produits/Producteurs)": "4",
      "Option 1": "Grand",
      "Localisation (from FOURNISSEUR)": "30800 - SAINT GILLES - GARD"
    },
    "name": "Riz de Camargue IGP long rouge \"Canavere\" - cuisson 18 min",
    "weight": "sac 5 kg",
    "price": "11.77",
    "pricePerKg": "2.35",
    "stock": "En stock",
    "picture": "https://dl.airtable.com/.attachments/2051d6e6f0685e1a3a67ef942de41264/0dfc09b2/Screenshot_2021-12-02_at_14-26-23_Riz_Camargue_Long_Rouge_IGP_5_KG_-_Canavere-removebg-preview.png?ts=1654586294&userId=usrF6kLgBaja75CMj&cs=5b1f15d597041309"
  },
  {
    "id": "rec26lAxSQe2tFQtY",
    "info": {
      "Code Produit QotQot": "FR03.0015.00398",
      "FOURNISSEUR": "EARL Landrieaux",
      "Produit": "Pâtes fermières au piment d'Espelette",
      "Catégorie": ["Épicerie salée"],
      "Type": ["Pâtes"],
      "Spécificité": "Pâtes",
      "Statut": "Référencé",
      "Dispo": "En stock",
      "Prix d'achat unitaire €HT": 4.12,
      "Descriptif Produit": " Nos pâtes sont élaborées sur notre ferme à partir de notre blé dur. Nous les réalisons avec une machine à pâtes  équipée de moules en bronze (comme en Italie) ce qui permet aux pâtes d'être rugueuses et ainsi la sauce tient bien  Elles sont séchées très lentement (environ 20 h) ce qui permet de garder le goût des céréales. ",
      "Image produits sans fond": [
        {
          "id": "attSsyqHrt2WR2YOZ",
          "width": 433,
          "height": 577,
          "url": "https://dl.airtable.com/.attachments/ca950de61875e6cc3996779c8afd46c2/197004f3/Ptes_Piment_Espelette-removebg-preview.png?ts=1654586294&userId=usrF6kLgBaja75CMj&cs=34df7451d47bc906",
          "filename": "Pâtes_Piment_Espelette-removebg-preview.png",
          "size": 202015,
          "type": "image/png",
          "thumbnails": {
            "small": {
              "url": "https://dl.airtable.com/.attachmentThumbnails/3543176a84dead8c38afffd9b3366452/67fbeb49?ts=1654586294&userId=usrF6kLgBaja75CMj&cs=1ae55a072aab359d",
              "width": 27,
              "height": 36
            },
            "large": {
              "url": "https://dl.airtable.com/.attachmentThumbnails/fccf17e4d0f81f823c28463bb8e14075/ee77d060?ts=1654586294&userId=usrF6kLgBaja75CMj&cs=74cb6a18497fcca3",
              "width": 433,
              "height": 577
            },
            "full": {
              "url": "https://dl.airtable.com/.attachmentThumbnails/519c5bdb8fad277fad3b1fc6feb65d14/26df17d2?ts=1654586294&userId=usrF6kLgBaja75CMj&cs=aaf9c6214d88ce29",
              "width": 3000,
              "height": 3000
            }
          }
        }
      ],
      "UVC - Conditionnement": "sachet",
      "UVC - Poids/vol": 500,
      "UVC - Unité": "g",
      "Prix d'achat kg/g/L €HT": 8.24,
      "Unité d'achat(X*UV)": 1,
      "Tx TVA": 0.055,
      "Produit Pro": true,
      "Produit Particulier": true,
      "Tarif Particulier TTC": 6.95456,
      "numéro": 398,
      "Code Fournisseur (from Fournisseurs)": "FR03.0015",
      "Département (from Coordonnées Sociétés)": ["ALLIER"],
      "DESIGNATION": "PÂTES FERMIÈRES AU PIMENT D'ESPELETTE",
      "Conditionnement": "sachet 500 g",
      "Tarif Pro (HT)": 6.18,
      "Tarif Pro (HT) au Kg/L": 12.36,
      "Unité Vente": 1,
      "Tarif Particulier TTC Arrondi": 7,
      "Image produits avec fond": [
        {
          "id": "attN7A3HZKj6GlcVW",
          "width": 580,
          "height": 773,
          "url": "https://dl.airtable.com/.attachments/1fbc6bcbb20f3ea7895cc5b6b8fd57c2/17026de3/PtesPimentEspelette.jpg?ts=1654586294&userId=usrF6kLgBaja75CMj&cs=d7fe7b11928c89d1",
          "filename": "Pâtes Piment Espelette.jpg",
          "size": 96648,
          "type": "image/jpeg",
          "thumbnails": {
            "small": {
              "url": "https://dl.airtable.com/.attachmentThumbnails/823ab3f2561e754a0d4d57de40dda6dd/6e1e283c?ts=1654586294&userId=usrF6kLgBaja75CMj&cs=ebaf0bb254172ccd",
              "width": 27,
              "height": 36
            },
            "large": {
              "url": "https://dl.airtable.com/.attachmentThumbnails/f661b598105dbf3ab81e1dd709d8c145/63ce7c83?ts=1654586294&userId=usrF6kLgBaja75CMj&cs=4b722373ca3a3e5c",
              "width": 512,
              "height": 682
            },
            "full": {
              "url": "https://dl.airtable.com/.attachmentThumbnails/f4e592aff4dadeb6b8a6c22e808d5003/e8b92cca?ts=1654586294&userId=usrF6kLgBaja75CMj&cs=6b67b8bbcbf406f3",
              "width": 3000,
              "height": 3000
            }
          }
        }
      ],
      "Nom complet Produit pour formulaire de Mouvement de Stock": "sachet 500 g-PÂTES FERMIÈRES AU PIMENT D'ESPELETTE//EARL Landrieaux//FR03.0015.00398",
      "Prix de vente typeform € TTC": 6.9,
      "DESIGNATION TYPEFORM": "Pâtes fermières au piment d'Espelette - 500g -  // 6.90€",
      "Hypothèse 15% marge px pro": 7.670470588235293,
      "CATEGORIE/TYPE": "Épicerie salée>Pâtes",
      "Condi.": "sachet\n500 g",
      "Disponibilité": "En stock",
      "PRODUCTEUR": "EARL LANDRIEAUX",
      "Spécificités": "Pâtes",
      "Désignation Produit": "PÂTES FERMIÈRES AU PIMENT D'ESPELETTE - sachet 500 g",
      "Désignation Produit 1 ligne": "PÂTES FERMIÈRES AU PIMENT D'ESPELETTE - sachet 500 g",
      "Unité de vente détaillée": "1 X 500 g",
      "Délais d'appro (jours) (from FOURNISSEUR)": "15",
      "Nom de la Société (from FOURNISSEUR)": "EARL Landrieaux",
      "Descriptif Producteur (from FOURNISSEUR)": "100 % céréales de la ferme écrasée à la meule de pierre pour une farine de qualité et un goût authentique Pâtes séchées très lentement (environ 20 heures) pour conserver les qualités gustatives et nutritionnelles",
      "Photos Producteurs (from FOURNISSEUR)": [
        {
          "id": "attN0mQpwUbUrf5L6",
          "width": 1200,
          "height": 800,
          "url": "https://dl.airtable.com/.attachments/e2576968b198c578aebfafe7935237ab/18e09d4d/la-vie-rurale-a-l-earl-landrieaux-a-louchy-montfand-ble-fari_4799520.jpeg?ts=1654586294&userId=usrF6kLgBaja75CMj&cs=532a4232647b5802",
          "filename": "la-vie-rurale-a-l-earl-landrieaux-a-louchy-montfand-ble-fari_4799520.jpeg",
          "size": 158251,
          "type": "image/jpeg",
          "thumbnails": {
            "small": {
              "url": "https://dl.airtable.com/.attachmentThumbnails/757ec0565b752c1c667d59ce30046de9/3ff4cd86?ts=1654586294&userId=usrF6kLgBaja75CMj&cs=b558d864076a6db6",
              "width": 54,
              "height": 36
            },
            "large": {
              "url": "https://dl.airtable.com/.attachmentThumbnails/94f450b1953d5e610e57a943dab6adcc/3aeda7f5?ts=1654586294&userId=usrF6kLgBaja75CMj&cs=68a9de3ca3a6efd3",
              "width": 768,
              "height": 512
            },
            "full": {
              "url": "https://dl.airtable.com/.attachmentThumbnails/9b69eeb700e46d1de69dbf528ba86da4/b991ebb5?ts=1654586294&userId=usrF6kLgBaja75CMj&cs=00cb62b88907d64e",
              "width": 3000,
              "height": 3000
            }
          }
        }
      ],
      "Label (from FOURNISSEUR)": ["La région du goût"],
      "LABEL LOGO (from FOURNISSEUR)": [
        {
          "id": "att00CpbJDmobHibi",
          "width": 800,
          "height": 800,
          "url": "https://dl.airtable.com/.attachments/29b77a8bbbdea8886f6d92fe8acd2c45/079ba2af/logos_La_region_du_Gout-03.jpg?ts=1654586294&userId=usrF6kLgBaja75CMj&cs=32a95b018ac3f554",
          "filename": "logos_La_region_du_Gout-03.jpg",
          "size": 70362,
          "type": "image/jpeg",
          "thumbnails": {
            "small": {
              "url": "https://dl.airtable.com/.attachmentThumbnails/306061d7cc3ed7de82c1ca15d0df0789/62804379?ts=1654586294&userId=usrF6kLgBaja75CMj&cs=b39cfd205336a91e",
              "width": 36,
              "height": 36
            },
            "large": {
              "url": "https://dl.airtable.com/.attachmentThumbnails/d9105bb7f8fb22fce5080f55fd8ee3a0/327e9284?ts=1654586294&userId=usrF6kLgBaja75CMj&cs=2540ad81aeb58020",
              "width": 512,
              "height": 512
            },
            "full": {
              "url": "https://dl.airtable.com/.attachmentThumbnails/762bbbcf574ed19ffc019a7d533f40f8/66b0d459?ts=1654586294&userId=usrF6kLgBaja75CMj&cs=a02edf4502c61df1",
              "width": 3000,
              "height": 3000
            }
          }
        }
      ],
      "Département (from FOURNISSEUR)": ["ALLIER"],
      "Code Postal (from FOURNISSEUR)": "03500",
      "Ville (from FOURNISSEUR)": " LOUCHY MONTFAND",
      "STOCK DISPO (from Passerelle Stock vers BDD Produits/Producteurs)": "6",
      "Import CSV Shopify": "FR03.0015.00398",
      "Localisation (from FOURNISSEUR)": "03500 -  LOUCHY MONTFAND - ALLIER"
    },
    "name": "Pâtes fermières au piment d'Espelette",
    "weight": "sachet 500 g",
    "price": "4.12",
    "pricePerKg": "8.24",
    "stock": "En stock",
    "picture": "https://dl.airtable.com/.attachments/ca950de61875e6cc3996779c8afd46c2/197004f3/Ptes_Piment_Espelette-removebg-preview.png?ts=1654586294&userId=usrF6kLgBaja75CMj&cs=34df7451d47bc906"
  },
  {
    "id": "rec28O44sJkQn1kLN",
    "info": {
      "Code Produit QotQot": "FR26.0019.01291",
      "FOURNISSEUR": "Provence Alpes",
      "Produit": "Ketchup Piment'ail",
      "Catégorie": ["Épicerie salée"],
      "Type": ["Sauces"],
      "Spécificité": "Ketchup",
      "Statut": "Référencé",
      "Dispo": "En stock",
      "Prix d'achat unitaire €HT": 1.22,
      "Descriptif Produit": "Ingrédients : Purée de tomates de Provence 46,8%, sucre, oignon grillé, vinaigre(don’t sulfites), ail 6%, basilic, sel, thym, romarin, farine de riz, piment d’Espelette 0,3%, extrait de paprika, conservateurs : acide sorbique et sorbate de potassium.\nAllergènes présents dans le produit: sulfites.",
      "Image produits sans fond": [
        {
          "id": "attrv2PlRs4Wo35z4",
          "width": 725,
          "height": 344,
          "url": "https://dl.airtable.com/.attachments/3f9937b8074e6435feda415ed1bcb33b/6d522af5/KETCHUP_PIMENT_AIL-removebg-preview.png?ts=1654586294&userId=usrF6kLgBaja75CMj&cs=32740ab194628ac7",
          "filename": "KETCHUP_PIMENT_AIL-removebg-preview.png",
          "size": 56512,
          "type": "image/png",
          "thumbnails": {
            "small": {
              "url": "https://dl.airtable.com/.attachmentThumbnails/8f8d8c1b2107e96d9a99b77615b99603/f604cb81?ts=1654586294&userId=usrF6kLgBaja75CMj&cs=421e0e630e882735",
              "width": 76,
              "height": 36
            },
            "large": {
              "url": "https://dl.airtable.com/.attachmentThumbnails/5b5fe382a66e7a2fc3869f5cec2ae28a/a500c349?ts=1654586294&userId=usrF6kLgBaja75CMj&cs=ec102f5806876f29",
              "width": 725,
              "height": 344
            },
            "full": {
              "url": "https://dl.airtable.com/.attachmentThumbnails/d28f9231ed47a27125578b720475478c/c42cc7e7?ts=1654586294&userId=usrF6kLgBaja75CMj&cs=b5208f2ba3fb91c4",
              "width": 3000,
              "height": 3000
            }
          }
        }
      ],
      "UVC - Conditionnement": "bouteille PET",
      "UVC - Poids/vol": 205,
      "UVC - Unité": "g",
      "Prix d'achat kg/g/L €HT": 5.951219512195122,
      "Unité d'achat(X*UV)": 12,
      "Tx TVA": 0.055,
      "Produit Pro": true,
      "Produit Particulier": true,
      "Tarif Particulier TTC": 2.05936,
      "numéro": 1291,
      "Code Fournisseur (from Fournisseurs)": "FR26.0019",
      "Département (from Coordonnées Sociétés)": ["DRÔME"],
      "DESIGNATION": "KETCHUP PIMENT'AIL",
      "Conditionnement": "bouteille PET 205 g",
      "Tarif Pro (HT)": 1.83,
      "Tarif Pro (HT) au Kg/L": 8.926829268292684,
      "Unité Vente": 1,
      "Tarif Particulier TTC Arrondi": 2.1,
      "Image produits avec fond": [
        {
          "id": "attIcyhHpP3Bjkwkt",
          "width": 1292,
          "height": 613,
          "url": "https://dl.airtable.com/.attachments/e0a880239f3074e793f0ec8c2e397d21/19d92997/KETCHUPPIMENTAIL.png?ts=1654586294&userId=usrF6kLgBaja75CMj&cs=c0025673ef710a0c",
          "filename": "KETCHUP PIMENT'AIL.png",
          "size": 153652,
          "type": "image/png",
          "thumbnails": {
            "small": {
              "url": "https://dl.airtable.com/.attachmentThumbnails/9d59747aa87c91b0f8018ac766f7361a/461fbdd3?ts=1654586294&userId=usrF6kLgBaja75CMj&cs=764fe083a10a4c9a",
              "width": 76,
              "height": 36
            },
            "large": {
              "url": "https://dl.airtable.com/.attachmentThumbnails/e3fed6df19d0396558e4f83b47c4d509/5a301956?ts=1654586294&userId=usrF6kLgBaja75CMj&cs=5e81a00a1aaeb632",
              "width": 1079,
              "height": 512
            },
            "full": {
              "url": "https://dl.airtable.com/.attachmentThumbnails/9321aa09156853f5efa030530117d3a5/569ebbbf?ts=1654586294&userId=usrF6kLgBaja75CMj&cs=944a78ed4bc1c90c",
              "width": 3000,
              "height": 3000
            }
          }
        }
      ],
      "Nom complet Produit pour formulaire de Mouvement de Stock": "bouteille PET 205 g-KETCHUP PIMENT'AIL//Provence Alpes//FR26.0019.01291",
      "Prix de vente typeform € TTC": 3.4,
      "DESIGNATION TYPEFORM": "Ketchup Piment'ail - 205g -  // 3.40€",
      "Hypothèse 15% marge px pro": 2.271352941176471,
      "CATEGORIE/TYPE": "Épicerie salée>Sauces",
      "Condi.": "bouteille PET\n205 g",
      "Disponibilité": "En stock",
      "PRODUCTEUR": "PROVENCE ALPES",
      "Spécificités": "Ketchup",
      "Désignation Produit": "KETCHUP PIMENT'AIL - bouteille PET 205 g",
      "Désignation Produit 1 ligne": "KETCHUP PIMENT'AIL - bouteille PET 205 g",
      "Unité de vente détaillée": "1 X 205 g",
      "Délais d'appro (jours) (from FOURNISSEUR)": "10",
      "Nom de la Société (from FOURNISSEUR)": "Provence Alpes",
      "Descriptif Producteur (from FOURNISSEUR)": "Provence Alpes   L’histoire de Provence Alpes débute avec Monsieur Claude DIEMOZ qui a œuvré au niveau national à la création de l’Institut ITEIPMAI. Également producteur de plantes aromatiques, il a créé la société GEL’PAM (1992), dont l’activité est la surgélation de plantes aromatiques cultivées en Drôme (premier département Français producteur de plantes aromatiques).  La société Provence Alpes est implantée au cœur de la Drôme depuis plus de 20 ans. Son objectif est d’élaborer les meilleures sauces et aides culinaires afin de satisfaire au mieux les exigences de ses clients. Ses produits sont réalisés à partir de matières premières, rigoureusement sélectionnées et en privilégiant les origines locales du premier département Français producteur de plantes aromatiques. La satisfaction des clients est une priorité pour Provence Alpes. Pour ce faire, l’entreprise fait preuve d’une grande réactivité face à la demande. Forte de son expérience en matière de création de recettes, la société Provence Alpes est à même de vous proposer une large gamme de produits. Elle peut vous aider à élaborer et fabriquer vos propres formules et à adapter des recettes à vos besoins.",
      "Photos Producteurs (from FOURNISSEUR)": [
        {
          "id": "attRVuNQ27ZQ1h630",
          "width": 450,
          "height": 332,
          "url": "https://dl.airtable.com/.attachments/71d722d4f2004abe534ec162be51abd2/cce3870b/CDIEMOZ.png?ts=1654586294&userId=usrF6kLgBaja75CMj&cs=d815af8bf708af02",
          "filename": "CDIEMOZ.png",
          "size": 333867,
          "type": "image/png",
          "thumbnails": {
            "small": {
              "url": "https://dl.airtable.com/.attachmentThumbnails/104b46b4147bd61450a405fbeef809b3/e94b27d9?ts=1654586294&userId=usrF6kLgBaja75CMj&cs=d09556c9e0d64dd3",
              "width": 49,
              "height": 36
            },
            "large": {
              "url": "https://dl.airtable.com/.attachmentThumbnails/ad310d2e471214c1c6d78c12cbb15657/ec767575?ts=1654586294&userId=usrF6kLgBaja75CMj&cs=0a89f85a99730bc2",
              "width": 450,
              "height": 332
            },
            "full": {
              "url": "https://dl.airtable.com/.attachmentThumbnails/720280978ef0b142a25e24a3d7ddd97d/d83adc28?ts=1654586294&userId=usrF6kLgBaja75CMj&cs=d50b9fb9662c7558",
              "width": 3000,
              "height": 3000
            }
          }
        }
      ],
      "Label (from FOURNISSEUR)": ["AB"],
      "LABEL LOGO (from FOURNISSEUR)": [
        {
          "id": "atthdViQyZ14LUu8l",
          "width": 1335,
          "height": 606,
          "url": "https://dl.airtable.com/.attachments/0d38d4bd251d74a58a370972d36e2d16/bbd1e6dd/Capture-2.png?ts=1654586294&userId=usrF6kLgBaja75CMj&cs=5613e82b554bf6db",
          "filename": "Capture-2.png",
          "size": 105113,
          "type": "image/png",
          "thumbnails": {
            "small": {
              "url": "https://dl.airtable.com/.attachmentThumbnails/d29e6895f30966e9dd650c26d42c694c/528b8acc?ts=1654586294&userId=usrF6kLgBaja75CMj&cs=4a7960b96ffd4eb6",
              "width": 79,
              "height": 36
            },
            "large": {
              "url": "https://dl.airtable.com/.attachmentThumbnails/43bc2d03176c12b59a06a15126d895c5/2d781fa8?ts=1654586294&userId=usrF6kLgBaja75CMj&cs=2d8a117035c3edfd",
              "width": 1128,
              "height": 512
            },
            "full": {
              "url": "https://dl.airtable.com/.attachmentThumbnails/c10f50df2e56d08c78870d0f258cabc7/c7210777?ts=1654586294&userId=usrF6kLgBaja75CMj&cs=bd975310d2340565",
              "width": 3000,
              "height": 3000
            }
          }
        }
      ],
      "Département (from FOURNISSEUR)": ["DRÔME"],
      "Code Postal (from FOURNISSEUR)": "26270",
      "Ville (from FOURNISSEUR)": "Saulce sur Rhône",
      "STOCK DISPO (from Passerelle Stock vers BDD Produits/Producteurs)": "18",
      "Import CSV Shopify": "FR26.0019.01291",
      "Localisation (from FOURNISSEUR)": "26270 - SAULCE SUR RHÔNE - DRÔME"
    },
    "name": "Ketchup Piment'ail",
    "weight": "bouteille PET 205 g",
    "price": "1.22",
    "pricePerKg": "5.95",
    "stock": "En stock",
    "picture": "https://dl.airtable.com/.attachments/3f9937b8074e6435feda415ed1bcb33b/6d522af5/KETCHUP_PIMENT_AIL-removebg-preview.png?ts=1654586294&userId=usrF6kLgBaja75CMj&cs=32740ab194628ac7"
  },
  {
    "id": "rec2DSbz3XZwdIkm7",
    "info": {
      "Code Produit QotQot": "FR42.0006.00133",
      "FOURNISSEUR": "Charles Chocolartisan",
      "Produit": "Caramel à la Fleur de Sel de Guérande",
      "Catégorie": ["Épicerie sucrée"],
      "Type": ["Pâtes à tartiner"],
      "Spécificité": "Caramel",
      "Statut": "Référencé",
      "Dispo": "En stock",
      "Prix d'achat unitaire €HT": 3.35,
      "Descriptif Produit": "Ingrédients : Du sirop de glucose-fructose, du sucre, de la CREME, du LAIT concentré sucré, du BEURRE doux, de l’eau, du BEURRE à la Fleur de sel de Guérande, du sel de Guérande et un stabilisant : de la pectine. \nLes valeurs nutritionnelles pour 100g : Energie 395 kcal (1650 kJ), Matières grasses 15g dont acides gras saturés 10g, Glucides 64g dont sucres 58g, Protéines 2g, Fibres <0,5g, Sel 0,97g. ",
      "Image produits sans fond": [
        {
          "id": "attGrYkNymffqHLwc",
          "width": 500,
          "height": 500,
          "url": "https://dl.airtable.com/.attachments/d95239de4394a79c88bf833f3e121adb/5d252ba3/pate-a-tartiner-charles-chocolartisan-caramel-beurre-sale-et-fleur-de-sel-de-guerande-280-gr-removebg-preview.png?ts=1654586294&userId=usrF6kLgBaja75CMj&cs=869393f2d991e91a",
          "filename": "pate-a-tartiner-charles-chocolartisan-caramel-beurre-sale-et-fleur-de-sel-de-guerande-280-gr-removebg-preview.png",
          "size": 149947,
          "type": "image/png",
          "thumbnails": {
            "small": {
              "url": "https://dl.airtable.com/.attachmentThumbnails/0092b41b07aeced2ffa3da841962911b/b2d96054?ts=1654586294&userId=usrF6kLgBaja75CMj&cs=3805142f9130e45b",
              "width": 36,
              "height": 36
            },
            "large": {
              "url": "https://dl.airtable.com/.attachmentThumbnails/3590d85275da0d82c03435a45a205127/79d06931?ts=1654586294&userId=usrF6kLgBaja75CMj&cs=eb58672d5f3e6ceb",
              "width": 500,
              "height": 500
            },
            "full": {
              "url": "https://dl.airtable.com/.attachmentThumbnails/d37122fe21513be099e8ab740903e851/b8d1b638?ts=1654586294&userId=usrF6kLgBaja75CMj&cs=de76a420f1724519",
              "width": 3000,
              "height": 3000
            }
          }
        }
      ],
      "EAN 13": { "text": "3 700 774 301 101" },
      "DDM (mois)": 12,
      "UVC - Conditionnement": "Pot PET",
      "UVC - Poids/vol": 280,
      "UVC - Unité": "g",
      "Prix d'achat kg/g/L €HT": 11.964285714285714,
      "Unité d'achat(X*UV)": 12,
      "Tx TVA": 0.055,
      "Produit Pro": true,
      "Produit Particulier": true,
      "Tarif Particulier TTC": 5.6548,
      "Commentaires": "Panachable en couche de 6\n",
      "numéro": 133,
      "Code Fournisseur (from Fournisseurs)": "FR42.0006",
      "Département (from Coordonnées Sociétés)": ["LOIRE"],
      "Franco €": "€250",
      "DESIGNATION": "CARAMEL À LA FLEUR DE SEL DE GUÉRANDE",
      "Conditionnement": "Pot PET 280 g",
      "Tarif Pro (HT)": 5.025,
      "Tarif Pro (HT) au Kg/L": 17.946428571428573,
      "Unité Vente": 1,
      "Tarif Particulier TTC Arrondi": 5.7,
      "Image produits avec fond": [
        {
          "id": "attzE3d6ln2vwPVLo",
          "width": 500,
          "height": 500,
          "url": "https://dl.airtable.com/.attachments/83a6633e3ba62a478f5c30362e023129/c7ec8a81/pate-a-tartiner-charles-chocolartisan-caramel-beurre-sale-et-fleur-de-sel-de-guerande-280-gr.jpg?ts=1654586294&userId=usrF6kLgBaja75CMj&cs=4936deec9a7d1c91",
          "filename": "pate-a-tartiner-charles-chocolartisan-caramel-beurre-sale-et-fleur-de-sel-de-guerande-280-gr.jpg",
          "size": 28165,
          "type": "image/jpeg",
          "thumbnails": {
            "small": {
              "url": "https://dl.airtable.com/.attachmentThumbnails/604587a580eb4cfc9a7156bea056db58/b78a84d8?ts=1654586294&userId=usrF6kLgBaja75CMj&cs=7fe444307e2130c6",
              "width": 36,
              "height": 36
            },
            "large": {
              "url": "https://dl.airtable.com/.attachmentThumbnails/f7ad48dcf2a4995597c6a55457769a0c/99f94f9a?ts=1654586294&userId=usrF6kLgBaja75CMj&cs=a5272edfe7b94250",
              "width": 500,
              "height": 500
            },
            "full": {
              "url": "https://dl.airtable.com/.attachmentThumbnails/9487e68e3f72cdb660354230be7c81cd/f2a607b4?ts=1654586294&userId=usrF6kLgBaja75CMj&cs=ecbd4c7340fb3fed",
              "width": 3000,
              "height": 3000
            }
          }
        }
      ],
      "Nom complet Produit pour formulaire de Mouvement de Stock": "Pot PET 280 g-CARAMEL À LA FLEUR DE SEL DE GUÉRANDE//Charles Chocolartisan//FR42.0006.00133",
      "Prix de vente € TTC conseillé": 6.7,
      "Prix de vente typeform € TTC": 6.3,
      "DESIGNATION TYPEFORM": "Caramel à la Fleur de Sel de Guérande - 280g -  // 6.30€",
      "Hypothèse 15% marge px pro": 6.236911764705883,
      "CATEGORIE/TYPE": "Épicerie sucrée>Pâtes à tartiner",
      "Condi.": "Pot PET\n280 g",
      "Disponibilité": "En stock",
      "PRODUCTEUR": "CHARLES CHOCOLARTISAN",
      "Spécificités": "Caramel",
      "Désignation Produit": "CARAMEL À LA FLEUR DE SEL DE GUÉRANDE - Pot PET 280 g",
      "Désignation Produit 1 ligne": "CARAMEL À LA FLEUR DE SEL DE GUÉRANDE - Pot PET 280 g",
      "Unité de vente détaillée": "1 X 280 g",
      "Délais d'appro (jours) (from FOURNISSEUR)": "10",
      "Nom de la Société (from FOURNISSEUR)": "Charles Chocolartisan",
      "Descriptif Producteur (from FOURNISSEUR)": "Pâtes à tartiner sans huile de palme.  - des produits trop bons à l'intérieur - avec des ingrédients naturels et de qualité - et un brin d'histoire aussi FABRICATION 100% FRANCAISE ! Le site de production Charles Chocolartisan se situe à Civens, un petit village du département de la Loire, non loin de Saint-Etienne et de Lyon. C’est ici que les plus grands secrets tartinés sont gardés ! Toutes les recettes sont fabriquées sur le territoire ligérien par les petites mains de nos écureuils, avec des matières premières issues de l'agriculture Française, lorsque cela est rendu possible bien sûr (plutôt complexe de cultiver le cacao dans son jardin).   BIENVEILLANCE ! C'est être bienveillant envers ceux et celles qui nous entourent et faire intervenir le plus possible les acteurs locaux. C'est aussi respecter l'environnement en utilisant seulement des produits sains et naturels. Enfin, être bienveillant c'est aussi prendre soin de TA santé, et celle de tous nos gourmands avec des pâtes à tartiner sans conservateur, sans arôme artificiel, sans additif chimique et SANS HUILE DE PALME. Roland CHARLES est chocolatier artisan depuis 2005. MAITRE ARTISAN",
      "Photos Producteurs (from FOURNISSEUR)": [
        {
          "id": "attlyCwSWsJVVaZIA",
          "width": 5184,
          "height": 3456,
          "url": "https://dl.airtable.com/.attachments/6eddd894aefe0270b2280f1454e78a73/f3e491d7/Made_In_Craft_spread?ts=1654586294&userId=usrF6kLgBaja75CMj&cs=c13819b84cfaff20",
          "filename": "Made_In_Craft_spread",
          "size": 2141430,
          "type": "image/jpeg",
          "thumbnails": {
            "small": {
              "url": "https://dl.airtable.com/.attachmentThumbnails/de6c90224f0151739c12abd7467357fd/c2bc654e?ts=1654586294&userId=usrF6kLgBaja75CMj&cs=96ce4f8bf32640fc",
              "width": 54,
              "height": 36
            },
            "large": {
              "url": "https://dl.airtable.com/.attachmentThumbnails/6bd8ecb64b9e96498a2fe1ee79e6f4d0/0b0c54db?ts=1654586294&userId=usrF6kLgBaja75CMj&cs=fcfa2d0146a5093e",
              "width": 768,
              "height": 512
            },
            "full": {
              "url": "https://dl.airtable.com/.attachmentThumbnails/ae7f4fdf8b25234b63bc4bec1298a6b9/646d8ec8?ts=1654586294&userId=usrF6kLgBaja75CMj&cs=4c70505f8b89b0b4",
              "width": 3000,
              "height": 3000
            }
          }
        }
      ],
      "Label (from FOURNISSEUR)": ["Maitre Artisan"],
      "LABEL LOGO (from FOURNISSEUR)": [
        {
          "id": "atteoANboPg1rt7qO",
          "width": 500,
          "height": 500,
          "url": "https://dl.airtable.com/.attachments/1666ef036bbf7ef0f736298627086a50/e835b947/d11187.png?ts=1654586294&userId=usrF6kLgBaja75CMj&cs=940682eef8138829",
          "filename": "d11187.png",
          "size": 24032,
          "type": "image/png",
          "thumbnails": {
            "small": {
              "url": "https://dl.airtable.com/.attachmentThumbnails/f4f7d5dbba88423af7f3d4db934f11bb/c318ffd2?ts=1654586294&userId=usrF6kLgBaja75CMj&cs=cc6c831b7b19ce6e",
              "width": 36,
              "height": 36
            },
            "large": {
              "url": "https://dl.airtable.com/.attachmentThumbnails/cc82b4b4a4afecd526f70be6b662d042/45f6edb2?ts=1654586294&userId=usrF6kLgBaja75CMj&cs=d98956868f0bdab5",
              "width": 500,
              "height": 500
            },
            "full": {
              "url": "https://dl.airtable.com/.attachmentThumbnails/e814e533d08305a5ca64aa5ee51b3c2c/8aa2f1a8?ts=1654586294&userId=usrF6kLgBaja75CMj&cs=5873acc6a6e85048",
              "width": 3000,
              "height": 3000
            }
          }
        }
      ],
      "Département (from FOURNISSEUR)": ["LOIRE"],
      "Code Postal (from FOURNISSEUR)": "42110",
      "Ville (from FOURNISSEUR)": "CIVENS",
      "STOCK DISPO (from Passerelle Stock vers BDD Produits/Producteurs)": "2",
      "Import CSV Shopify": "FR42.0006.00133",
      "Localisation (from FOURNISSEUR)": "42110 - CIVENS - LOIRE"
    },
    "name": "Caramel à la Fleur de Sel de Guérande",
    "weight": "Pot PET 280 g",
    "price": "3.35",
    "pricePerKg": "11.96",
    "stock": "En stock",
    "picture": "https://dl.airtable.com/.attachments/d95239de4394a79c88bf833f3e121adb/5d252ba3/pate-a-tartiner-charles-chocolartisan-caramel-beurre-sale-et-fleur-de-sel-de-guerande-280-gr-removebg-preview.png?ts=1654586294&userId=usrF6kLgBaja75CMj&cs=869393f2d991e91a"
  },
  {
    "id": "rec32rm1gpDJSAxTg",
    "info": {
      "Code Produit QotQot": "FR01.0023.00524",
      "FOURNISSEUR": "Le Fumet des Dombes",
      "Produit": "Rillettes de truite d'Auvergne Rhône Alpes à la chartreuse",
      "Catégorie": ["Épicerie salée"],
      "Type": ["Tartinables"],
      "Spécificité": "Poissons",
      "Statut": "Référencé",
      "Dispo": "En stock",
      "Prix d'achat unitaire €HT": 2.6,
      "Descriptif Produit": "Ingrédients: Truite d'Auvergne Rhône-Alpes 64%,crème pasteurisée,œufs pasteurisés,légumes\n(échalote,carotte,poireau,oignon),chartreuse 4%,beurre,sel.\nTraces possibles de fruits à coques.\nDate limite de consommation: 2 ans \nUtilisation: à tartiner sur du pain grillé \n",
      "Image produits sans fond": [
        {
          "id": "attNPojkNDVW3P0jk",
          "width": 484,
          "height": 515,
          "url": "https://dl.airtable.com/.attachments/dbfd66816b9adecc68843b687034ab80/ddea9aad/Capture_d_cran_2021-11-30_161436_chartreuse-removebg-preview.png?ts=1654586294&userId=usrF6kLgBaja75CMj&cs=84be4611d938846e",
          "filename": "Capture_d_écran_2021-11-30_161436_chartreuse-removebg-preview.png",
          "size": 268511,
          "type": "image/png",
          "thumbnails": {
            "small": {
              "url": "https://dl.airtable.com/.attachmentThumbnails/9c688d6fa63e412dada28b22599bdf62/e83f025b?ts=1654586294&userId=usrF6kLgBaja75CMj&cs=8e8d2e4eb648d2e5",
              "width": 34,
              "height": 36
            },
            "large": {
              "url": "https://dl.airtable.com/.attachmentThumbnails/9ca33b25d45e9879bd683851a934db65/44b23369?ts=1654586294&userId=usrF6kLgBaja75CMj&cs=5a05277a20838c99",
              "width": 484,
              "height": 515
            },
            "full": {
              "url": "https://dl.airtable.com/.attachmentThumbnails/f93246c15dac03e7c70cbf8100482ca2/2fb832f6?ts=1654586294&userId=usrF6kLgBaja75CMj&cs=58fdc2dccb2916ca",
              "width": 3000,
              "height": 3000
            }
          }
        }
      ],
      "Référence Fournisseur": "0220049",
      "DDM (mois)": 24,
      "UVC - Conditionnement": "bocal verre",
      "UVC - Poids/vol": 90,
      "UVC - Unité": "g",
      "Prix d'achat kg/g/L €HT": 28.88888888888889,
      "Unité d'achat(X*UV)": 20,
      "Tx TVA": 0.055,
      "Produit Pro": true,
      "Produit Particulier": true,
      "Tarif Particulier TTC": 4.3888,
      "numéro": 524,
      "Code Fournisseur (from Fournisseurs)": "FR01.0023",
      "Département (from Coordonnées Sociétés)": ["AIN"],
      "DESIGNATION": "RILLETTES DE TRUITE D'AUVERGNE RHÔNE ALPES À LA CHARTREUSE",
      "Conditionnement": "bocal verre 90 g",
      "Tarif Pro (HT)": 3.9000000000000004,
      "Tarif Pro (HT) au Kg/L": 43.333333333333336,
      "Unité Vente": 1,
      "Tarif Particulier TTC Arrondi": 4.4,
      "Image produits avec fond": [
        {
          "id": "attNPojkNDVW3P0jk",
          "width": 484,
          "height": 515,
          "url": "https://dl.airtable.com/.attachments/dbfd66816b9adecc68843b687034ab80/ddea9aad/Capture_d_cran_2021-11-30_161436_chartreuse-removebg-preview.png?ts=1654586294&userId=usrF6kLgBaja75CMj&cs=84be4611d938846e",
          "filename": "Capture_d_écran_2021-11-30_161436_chartreuse-removebg-preview.png",
          "size": 268511,
          "type": "image/png",
          "thumbnails": {
            "small": {
              "url": "https://dl.airtable.com/.attachmentThumbnails/9c688d6fa63e412dada28b22599bdf62/e83f025b?ts=1654586294&userId=usrF6kLgBaja75CMj&cs=8e8d2e4eb648d2e5",
              "width": 34,
              "height": 36
            },
            "large": {
              "url": "https://dl.airtable.com/.attachmentThumbnails/9ca33b25d45e9879bd683851a934db65/44b23369?ts=1654586294&userId=usrF6kLgBaja75CMj&cs=5a05277a20838c99",
              "width": 484,
              "height": 515
            },
            "full": {
              "url": "https://dl.airtable.com/.attachmentThumbnails/f93246c15dac03e7c70cbf8100482ca2/2fb832f6?ts=1654586294&userId=usrF6kLgBaja75CMj&cs=58fdc2dccb2916ca",
              "width": 3000,
              "height": 3000
            }
          }
        }
      ],
      "Nom complet Produit pour formulaire de Mouvement de Stock": "bocal verre 90 g-RILLETTES DE TRUITE D'AUVERGNE RHÔNE ALPES À LA CHARTREUSE//Le Fumet des Dombes//FR01.0023.00524",
      "Prix de vente € TTC conseillé": 4,
      "Prix de vente typeform € TTC": 4.9,
      "DESIGNATION TYPEFORM": "Rillettes de truite d'Auvergne Rhône Alpes à la chartreuse - 90g -  // 4.90€",
      "Hypothèse 15% marge px pro": 4.840588235294118,
      "CATEGORIE/TYPE": "Épicerie salée>Tartinables",
      "Condi.": "bocal verre\n90 g",
      "Disponibilité": "En stock",
      "PRODUCTEUR": "LE FUMET DES DOMBES",
      "Spécificités": "Poissons",
      "Commande Fournisseurs": "FR01.0023-11/02/2022",
      "Désignation Produit": "RILLETTES DE TRUITE D'AUVERGNE RHÔNE ALPES À LA CHARTREUSE - bocal verre 90 g",
      "Désignation Produit 1 ligne": "RILLETTES DE TRUITE D'AUVERGNE RHÔNE ALPES À LA CHARTREUSE - bocal verre 90 g",
      "Unité de vente détaillée": "1 X 90 g",
      "Délais d'appro (jours) (from FOURNISSEUR)": "10",
      "Nom de la Société (from FOURNISSEUR)": "Le Fumet des Dombes",
      "Descriptif Producteur (from FOURNISSEUR)": "Entreprise créé en 1988 par Edouard Rolland et sa sœur Chantal Rolland. L’idée première fût de valoriser les poisons des étangs de la Dombes, notamment la carpe. Maître Artisan cette entreprise familiale privilégie un savoir faire traditionnel pour proposer des produits gastronomiques à tous ses clients, garantis sans colorant et sans conservateur Nos rillettes sont élaborées à partir de poissons de poissons d’eau douce et de mer >Carpe des étangs de la Dombes >Truite d’Auvergne Rhône Alpes >Saumon sauvage d’Alaska >Saumon bio d’Ecosse Nous cuisinons avec de la crème fraîche de Bresse AOP et des oeufs issus des monts du lyonnais afin de travailler avec des partenaires locaux Nous garantissons ainsi une traçabilité et des ingrédients de qualité !",
      "Photos Producteurs (from FOURNISSEUR)": [
        {
          "id": "attiEwnVHt4e5UHBx",
          "width": 200,
          "height": 197,
          "url": "https://dl.airtable.com/.attachments/8b1d8bd9e311896159a94f1ebf40eea2/38567b06/Origine_de_nos_produits?ts=1654586294&userId=usrF6kLgBaja75CMj&cs=456c7587b84da9d7",
          "filename": "Origine_de_nos_produits",
          "size": 16784,
          "type": "image/jpeg",
          "thumbnails": {
            "small": {
              "url": "https://dl.airtable.com/.attachmentThumbnails/7d9d6b066207f95cf5e9c0df9aebfd19/c43b4c51?ts=1654586294&userId=usrF6kLgBaja75CMj&cs=13017ef9f97cafa9",
              "width": 37,
              "height": 36
            },
            "large": {
              "url": "https://dl.airtable.com/.attachmentThumbnails/b5b643d5a0b6ae42f91125f2f4d41100/1a94ad0d?ts=1654586294&userId=usrF6kLgBaja75CMj&cs=c6667b636507da99",
              "width": 200,
              "height": 197
            },
            "full": {
              "url": "https://dl.airtable.com/.attachmentThumbnails/1df0e5c07dcef4a5110c0d3b625f237c/643cb6fd?ts=1654586294&userId=usrF6kLgBaja75CMj&cs=14ff800342713074",
              "width": 3000,
              "height": 3000
            }
          }
        }
      ],
      "Label (from FOURNISSEUR)": ["Maitre Artisan"],
      "LABEL LOGO (from FOURNISSEUR)": [
        {
          "id": "attFhAekK0AHlE2am",
          "width": 500,
          "height": 500,
          "url": "https://dl.airtable.com/.attachments/7e53d0c57443fac76e7e7c4147c59cf9/39efb4a2/d11187.png?ts=1654586294&userId=usrF6kLgBaja75CMj&cs=23cf73002f6851b2",
          "filename": "d11187.png",
          "size": 24032,
          "type": "image/png",
          "thumbnails": {
            "small": {
              "url": "https://dl.airtable.com/.attachmentThumbnails/eb45165d73b14f17f35601f3784c82ff/672490ad?ts=1654586294&userId=usrF6kLgBaja75CMj&cs=a268b5973a576e16",
              "width": 36,
              "height": 36
            },
            "large": {
              "url": "https://dl.airtable.com/.attachmentThumbnails/c80a1353fb960b3b4f5d50cef7db44d2/748048ae?ts=1654586294&userId=usrF6kLgBaja75CMj&cs=2d70b132fc6cd96b",
              "width": 500,
              "height": 500
            },
            "full": {
              "url": "https://dl.airtable.com/.attachmentThumbnails/6eff41a48ad10a8f4317b5b2f7e1004d/5f813c70?ts=1654586294&userId=usrF6kLgBaja75CMj&cs=5a434d145557cab7",
              "width": 3000,
              "height": 3000
            }
          }
        },
        {
          "id": "attoKwAEJtvzCwptw",
          "width": 800,
          "height": 800,
          "url": "https://dl.airtable.com/.attachments/538c0a3460d718fe4f03057157b3dcd2/671892bd/logos_La_region_du_Gout-03.jpg?ts=1654586294&userId=usrF6kLgBaja75CMj&cs=de3de53fb24d53b7",
          "filename": "logos_La_region_du_Gout-03.jpg",
          "size": 70362,
          "type": "image/jpeg",
          "thumbnails": {
            "small": {
              "url": "https://dl.airtable.com/.attachmentThumbnails/8bff0a35a140aa729121c8945e557162/c2cc4f18?ts=1654586294&userId=usrF6kLgBaja75CMj&cs=07c896d2104836b4",
              "width": 36,
              "height": 36
            },
            "large": {
              "url": "https://dl.airtable.com/.attachmentThumbnails/d092e124784d864e793725619a1e03d9/8ee20993?ts=1654586294&userId=usrF6kLgBaja75CMj&cs=b2f409903db8ad95",
              "width": 512,
              "height": 512
            },
            "full": {
              "url": "https://dl.airtable.com/.attachmentThumbnails/105b2f2a871050bafcebb61822bab6b2/e20b74a8?ts=1654586294&userId=usrF6kLgBaja75CMj&cs=f92ea221c6f0040f",
              "width": 3000,
              "height": 3000
            }
          }
        }
      ],
      "Département (from FOURNISSEUR)": ["AIN"],
      "Code Postal (from FOURNISSEUR)": "01390",
      "Ville (from FOURNISSEUR)": " SAINT ANDRE DE CORCY",
      "STOCK DISPO (from Passerelle Stock vers BDD Produits/Producteurs)": "15",
      "Import CSV Shopify": "FR01.0023.00524",
      "Localisation (from FOURNISSEUR)": "01390 -  SAINT ANDRE DE CORCY - AIN"
    },
    "name": "Rillettes de truite d'Auvergne Rhône Alpes à la chartreuse",
    "weight": "bocal verre 90 g",
    "price": "2.60",
    "pricePerKg": "28.89",
    "stock": "En stock",
    "picture": "https://dl.airtable.com/.attachments/dbfd66816b9adecc68843b687034ab80/ddea9aad/Capture_d_cran_2021-11-30_161436_chartreuse-removebg-preview.png?ts=1654586294&userId=usrF6kLgBaja75CMj&cs=84be4611d938846e"
  },
  {
    "id": "rec3ARIkWDX1wMz2B",
    "info": {
      "Code Produit QotQot": "FR42.0006.00122",
      "FOURNISSEUR": "Charles Chocolartisan",
      "Produit": "SPECULOOS - Pâte à tartiner Spéculoos pur avec morceaux",
      "Catégorie": ["Épicerie sucrée"],
      "Type": ["Pâtes à tartiner"],
      "Spécificité": "Speculoos",
      "Statut": "Référencé",
      "Dispo": "En rupture",
      "Prix d'achat unitaire €HT": 3.35,
      "Descriptif Produit": "Ingrédients : \nDes spéculoos 61% (Farine de BLE (GLUTEN), sucre, huile de colza, BEURRE concentré, sirop de candi, poudre à lever : carbonate acide de sodium, sel, cannelle), un mélange d’huile de tournesol et beurre de cacao, du sucre et un émulsifiant : de la lécithine de tournesol. Les valeurs nutritionnelles pour 100g : Energie 595 kcal (2479 kJ), Matières grasses 40g dont acides gras saturés 7,9g, Glucides 56g dont sucres 31g, Protéines 3,4g, Fibres 0,9g, Sel 0,51g. \nSans huile de palme, à tartiner sans modération.",
      "Image produits sans fond": [
        {
          "id": "attVtEO3PvzsgNISH",
          "width": 500,
          "height": 500,
          "url": "https://dl.airtable.com/.attachments/98d6077e7e25bbdd8a540fd42626739d/ec84ee94/pate-a-tartiner-charles-chocolartisan-speculoos-crunchy-280-gr-removebg-preview.png?ts=1654586294&userId=usrF6kLgBaja75CMj&cs=9b9dfbbe8fa659b2",
          "filename": "pate-a-tartiner-charles-chocolartisan-speculoos-crunchy-280-gr-removebg-preview.png",
          "size": 135197,
          "type": "image/png",
          "thumbnails": {
            "small": {
              "url": "https://dl.airtable.com/.attachmentThumbnails/a4ec6ec5d53efbdfc5981a9b3378c061/58c50785?ts=1654586294&userId=usrF6kLgBaja75CMj&cs=0949be533607f1a6",
              "width": 36,
              "height": 36
            },
            "large": {
              "url": "https://dl.airtable.com/.attachmentThumbnails/7b6b828a645fbe8e84acae17092ac7cc/eed47598?ts=1654586294&userId=usrF6kLgBaja75CMj&cs=50c969a4b79e4bad",
              "width": 500,
              "height": 500
            },
            "full": {
              "url": "https://dl.airtable.com/.attachmentThumbnails/a48b59a776c9b62a41cd4cdc3c8fa034/e27c51c6?ts=1654586294&userId=usrF6kLgBaja75CMj&cs=0fc00065e78d991a",
              "width": 3000,
              "height": 3000
            }
          }
        }
      ],
      "EAN 13": { "text": "3 700 774 300 074" },
      "DDM (mois)": 12,
      "UVC - Conditionnement": "Pot PET",
      "UVC - Poids/vol": 280,
      "UVC - Unité": "g",
      "Prix d'achat kg/g/L €HT": 11.964285714285714,
      "Unité d'achat(X*UV)": 12,
      "Tx TVA": 0.055,
      "Produit Pro": true,
      "Produit Particulier": true,
      "Tarif Particulier TTC": 5.6548,
      "Commentaires": "Panachable en couche de 6\n",
      "numéro": 122,
      "Code Fournisseur (from Fournisseurs)": "FR42.0006",
      "Département (from Coordonnées Sociétés)": ["LOIRE"],
      "Franco €": "€250",
      "DESIGNATION": "SPECULOOS - PÂTE À TARTINER SPÉCULOOS PUR AVEC MORCEAUX",
      "Conditionnement": "Pot PET 280 g",
      "Tarif Pro (HT)": 5.025,
      "Tarif Pro (HT) au Kg/L": 17.946428571428573,
      "Unité Vente": 1,
      "Tarif Particulier TTC Arrondi": 5.7,
      "Image produits avec fond": [
        {
          "id": "att0REoyveV80wtfI",
          "width": 500,
          "height": 500,
          "url": "https://dl.airtable.com/.attachments/922d48b43bf631ed40dc60c0060040fb/ab334e59/pate-a-tartiner-charles-chocolartisan-speculoos-crunchy-280-gr.jpg?ts=1654586294&userId=usrF6kLgBaja75CMj&cs=e1cd455898dab106",
          "filename": "pate-a-tartiner-charles-chocolartisan-speculoos-crunchy-280-gr.jpg",
          "size": 24980,
          "type": "image/jpeg",
          "thumbnails": {
            "small": {
              "url": "https://dl.airtable.com/.attachmentThumbnails/534cac62caeadaaf78bf5463f8539adb/d4b116df?ts=1654586294&userId=usrF6kLgBaja75CMj&cs=602b51143e9ec0e4",
              "width": 36,
              "height": 36
            },
            "large": {
              "url": "https://dl.airtable.com/.attachmentThumbnails/c667366d655ad4ffb30a1a2fe3d838ea/250ab9b8?ts=1654586294&userId=usrF6kLgBaja75CMj&cs=3427e66391b4be04",
              "width": 500,
              "height": 500
            },
            "full": {
              "url": "https://dl.airtable.com/.attachmentThumbnails/3810b9ac5c8069a3ada648fb96a47616/61e3b0a3?ts=1654586294&userId=usrF6kLgBaja75CMj&cs=38c08c0fe5917205",
              "width": 3000,
              "height": 3000
            }
          }
        }
      ],
      "Nom complet Produit pour formulaire de Mouvement de Stock": "Pot PET 280 g-SPECULOOS - PÂTE À TARTINER SPÉCULOOS PUR AVEC MORCEAUX//Charles Chocolartisan//FR42.0006.00122",
      "Prix de vente € TTC conseillé": 6.7,
      "Prix de vente typeform € TTC": 6.3,
      "DESIGNATION TYPEFORM": "SPECULOOS - Pâte à tartiner Spéculoos pur avec morceaux - 280g -  // 6.30€",
      "Hypothèse 15% marge px pro": 6.236911764705883,
      "CATEGORIE/TYPE": "Épicerie sucrée>Pâtes à tartiner",
      "Condi.": "Pot PET\n280 g",
      "Disponibilité": "En rupture",
      "PRODUCTEUR": "CHARLES CHOCOLARTISAN",
      "Spécificités": "Speculoos",
      "Désignation Produit": "SPECULOOS - PÂTE À TARTINER SPÉCULOOS PUR AVEC MORCEAUX - Pot PET 280 g",
      "Désignation Produit 1 ligne": "SPECULOOS - PÂTE À TARTINER SPÉCULOOS PUR AVEC MORCEAUX - Pot PET 280 g",
      "Unité de vente détaillée": "1 X 280 g",
      "Délais d'appro (jours) (from FOURNISSEUR)": "10",
      "Nom de la Société (from FOURNISSEUR)": "Charles Chocolartisan",
      "Descriptif Producteur (from FOURNISSEUR)": "Pâtes à tartiner sans huile de palme.  - des produits trop bons à l'intérieur - avec des ingrédients naturels et de qualité - et un brin d'histoire aussi FABRICATION 100% FRANCAISE ! Le site de production Charles Chocolartisan se situe à Civens, un petit village du département de la Loire, non loin de Saint-Etienne et de Lyon. C’est ici que les plus grands secrets tartinés sont gardés ! Toutes les recettes sont fabriquées sur le territoire ligérien par les petites mains de nos écureuils, avec des matières premières issues de l'agriculture Française, lorsque cela est rendu possible bien sûr (plutôt complexe de cultiver le cacao dans son jardin).   BIENVEILLANCE ! C'est être bienveillant envers ceux et celles qui nous entourent et faire intervenir le plus possible les acteurs locaux. C'est aussi respecter l'environnement en utilisant seulement des produits sains et naturels. Enfin, être bienveillant c'est aussi prendre soin de TA santé, et celle de tous nos gourmands avec des pâtes à tartiner sans conservateur, sans arôme artificiel, sans additif chimique et SANS HUILE DE PALME. Roland CHARLES est chocolatier artisan depuis 2005. MAITRE ARTISAN",
      "Photos Producteurs (from FOURNISSEUR)": [
        {
          "id": "attlyCwSWsJVVaZIA",
          "width": 5184,
          "height": 3456,
          "url": "https://dl.airtable.com/.attachments/6eddd894aefe0270b2280f1454e78a73/f3e491d7/Made_In_Craft_spread?ts=1654586294&userId=usrF6kLgBaja75CMj&cs=c13819b84cfaff20",
          "filename": "Made_In_Craft_spread",
          "size": 2141430,
          "type": "image/jpeg",
          "thumbnails": {
            "small": {
              "url": "https://dl.airtable.com/.attachmentThumbnails/de6c90224f0151739c12abd7467357fd/c2bc654e?ts=1654586294&userId=usrF6kLgBaja75CMj&cs=96ce4f8bf32640fc",
              "width": 54,
              "height": 36
            },
            "large": {
              "url": "https://dl.airtable.com/.attachmentThumbnails/6bd8ecb64b9e96498a2fe1ee79e6f4d0/0b0c54db?ts=1654586294&userId=usrF6kLgBaja75CMj&cs=fcfa2d0146a5093e",
              "width": 768,
              "height": 512
            },
            "full": {
              "url": "https://dl.airtable.com/.attachmentThumbnails/ae7f4fdf8b25234b63bc4bec1298a6b9/646d8ec8?ts=1654586294&userId=usrF6kLgBaja75CMj&cs=4c70505f8b89b0b4",
              "width": 3000,
              "height": 3000
            }
          }
        }
      ],
      "Label (from FOURNISSEUR)": ["Maitre Artisan"],
      "LABEL LOGO (from FOURNISSEUR)": [
        {
          "id": "atteoANboPg1rt7qO",
          "width": 500,
          "height": 500,
          "url": "https://dl.airtable.com/.attachments/1666ef036bbf7ef0f736298627086a50/e835b947/d11187.png?ts=1654586294&userId=usrF6kLgBaja75CMj&cs=940682eef8138829",
          "filename": "d11187.png",
          "size": 24032,
          "type": "image/png",
          "thumbnails": {
            "small": {
              "url": "https://dl.airtable.com/.attachmentThumbnails/f4f7d5dbba88423af7f3d4db934f11bb/c318ffd2?ts=1654586294&userId=usrF6kLgBaja75CMj&cs=cc6c831b7b19ce6e",
              "width": 36,
              "height": 36
            },
            "large": {
              "url": "https://dl.airtable.com/.attachmentThumbnails/cc82b4b4a4afecd526f70be6b662d042/45f6edb2?ts=1654586294&userId=usrF6kLgBaja75CMj&cs=d98956868f0bdab5",
              "width": 500,
              "height": 500
            },
            "full": {
              "url": "https://dl.airtable.com/.attachmentThumbnails/e814e533d08305a5ca64aa5ee51b3c2c/8aa2f1a8?ts=1654586294&userId=usrF6kLgBaja75CMj&cs=5873acc6a6e85048",
              "width": 3000,
              "height": 3000
            }
          }
        }
      ],
      "Département (from FOURNISSEUR)": ["LOIRE"],
      "Code Postal (from FOURNISSEUR)": "42110",
      "Ville (from FOURNISSEUR)": "CIVENS",
      "STOCK DISPO (from Passerelle Stock vers BDD Produits/Producteurs)": "0",
      "Import CSV Shopify": "FR42.0006.00122",
      "Localisation (from FOURNISSEUR)": "42110 - CIVENS - LOIRE"
    },
    "name": "SPECULOOS - Pâte à tartiner Spéculoos pur avec morceaux",
    "weight": "Pot PET 280 g",
    "price": "3.35",
    "pricePerKg": "11.96",
    "stock": "En rupture",
    "picture": "https://dl.airtable.com/.attachments/98d6077e7e25bbdd8a540fd42626739d/ec84ee94/pate-a-tartiner-charles-chocolartisan-speculoos-crunchy-280-gr-removebg-preview.png?ts=1654586294&userId=usrF6kLgBaja75CMj&cs=9b9dfbbe8fa659b2"
  },
  {
    "id": "rec3AgJqxVSiT2MfL",
    "info": {
      "Code Produit QotQot": "FR26.0019.01314",
      "FOURNISSEUR": "Provence Alpes",
      "Produit": "Caviar d'aubergine",
      "Catégorie": ["Épicerie salée"],
      "Type": ["Tartinables"],
      "Spécificité": "Aubergines",
      "Statut": "Référencé",
      "Dispo": "En rupture",
      "Prix d'achat unitaire €HT": 1.21,
      "Descriptif Produit": "Ingrédients : aubergines grillées 51,2%, huile de tournesol, ail, basilic, oignons, huile d’olive, eau, sel, sucre, concentré de citron, origan, poivre. \nAllergènes présents dans le produit : absence.\n",
      "Image produits sans fond": [
        {
          "id": "attl9Vw4vXdbzJrNo",
          "width": 493,
          "height": 506,
          "url": "https://dl.airtable.com/.attachments/e80e10f5e4e50b0c6b0cde6ffbb2155c/c3b6060c/Caviar_Aubergine-removebg-preview.png?ts=1654586294&userId=usrF6kLgBaja75CMj&cs=d6cd2efe1f0e2cd7",
          "filename": "Caviar_Aubergine-removebg-preview.png",
          "size": 291241,
          "type": "image/png",
          "thumbnails": {
            "small": {
              "url": "https://dl.airtable.com/.attachmentThumbnails/b657fc44b9c5c46204e4dc54035d5dda/e4fd7b19?ts=1654586294&userId=usrF6kLgBaja75CMj&cs=e6c67bd232d253f7",
              "width": 35,
              "height": 36
            },
            "large": {
              "url": "https://dl.airtable.com/.attachmentThumbnails/ae747a3d1a6078f57fb1ade494add959/0133c093?ts=1654586294&userId=usrF6kLgBaja75CMj&cs=49a99105755bdaa7",
              "width": 493,
              "height": 506
            },
            "full": {
              "url": "https://dl.airtable.com/.attachmentThumbnails/687aad7426c405888a360ddabd9507ec/9ef84ea9?ts=1654586294&userId=usrF6kLgBaja75CMj&cs=611bd05724eb5400",
              "width": 3000,
              "height": 3000
            }
          }
        }
      ],
      "UVC - Conditionnement": "bocal verre",
      "UVC - Poids/vol": 100,
      "UVC - Unité": "g",
      "Prix d'achat kg/g/L €HT": 12.1,
      "Unité d'achat(X*UV)": 6,
      "Tx TVA": 0.055,
      "Produit Pro": true,
      "Produit Particulier": true,
      "Tarif Particulier TTC": 2.04248,
      "numéro": 1314,
      "Code Fournisseur (from Fournisseurs)": "FR26.0019",
      "Département (from Coordonnées Sociétés)": ["DRÔME"],
      "DESIGNATION": "CAVIAR D'AUBERGINE",
      "Conditionnement": "bocal verre 100 g",
      "Tarif Pro (HT)": 1.815,
      "Tarif Pro (HT) au Kg/L": 18.15,
      "Unité Vente": 1,
      "Tarif Particulier TTC Arrondi": 2.1,
      "Image produits avec fond": [
        {
          "id": "atth9nUBWwh6Gj4Ou",
          "width": 1747,
          "height": 1791,
          "url": "https://dl.airtable.com/.attachments/d01149f4bc979be0ff79e3fcadfcd0d9/998ff346/CaviarAubergine.jpg?ts=1654586294&userId=usrF6kLgBaja75CMj&cs=7271025890bb3b00",
          "filename": "Caviar Aubergine.jpg",
          "size": 641529,
          "type": "image/jpeg",
          "thumbnails": {
            "small": {
              "url": "https://dl.airtable.com/.attachmentThumbnails/af87993b1781899b0e8712bf7e462ed0/c5949ba4?ts=1654586294&userId=usrF6kLgBaja75CMj&cs=5a13d36dfd3f6689",
              "width": 35,
              "height": 36
            },
            "large": {
              "url": "https://dl.airtable.com/.attachmentThumbnails/8d11a6695e65438843c5ff74ee1f8082/04884b52?ts=1654586294&userId=usrF6kLgBaja75CMj&cs=8ae53ab16dcbf6ed",
              "width": 512,
              "height": 525
            },
            "full": {
              "url": "https://dl.airtable.com/.attachmentThumbnails/d2934446559a64474a6206f9a31e3866/59d98375?ts=1654586294&userId=usrF6kLgBaja75CMj&cs=f64c2f534b91e935",
              "width": 3000,
              "height": 3000
            }
          }
        }
      ],
      "Nom complet Produit pour formulaire de Mouvement de Stock": "bocal verre 100 g-CAVIAR D'AUBERGINE//Provence Alpes//FR26.0019.01314",
      "Prix de vente typeform € TTC": 3.4,
      "DESIGNATION TYPEFORM": "Caviar d'aubergine - 100g -  // 3.40€",
      "Hypothèse 15% marge px pro": 2.252735294117647,
      "CATEGORIE/TYPE": "Épicerie salée>Tartinables",
      "Condi.": "bocal verre\n100 g",
      "Disponibilité": "En rupture",
      "PRODUCTEUR": "PROVENCE ALPES",
      "Spécificités": "Aubergines",
      "Désignation Produit": "CAVIAR D'AUBERGINE - bocal verre 100 g",
      "Désignation Produit 1 ligne": "CAVIAR D'AUBERGINE - bocal verre 100 g",
      "Unité de vente détaillée": "1 X 100 g",
      "Délais d'appro (jours) (from FOURNISSEUR)": "10",
      "Nom de la Société (from FOURNISSEUR)": "Provence Alpes",
      "Descriptif Producteur (from FOURNISSEUR)": "Provence Alpes   L’histoire de Provence Alpes débute avec Monsieur Claude DIEMOZ qui a œuvré au niveau national à la création de l’Institut ITEIPMAI. Également producteur de plantes aromatiques, il a créé la société GEL’PAM (1992), dont l’activité est la surgélation de plantes aromatiques cultivées en Drôme (premier département Français producteur de plantes aromatiques).  La société Provence Alpes est implantée au cœur de la Drôme depuis plus de 20 ans. Son objectif est d’élaborer les meilleures sauces et aides culinaires afin de satisfaire au mieux les exigences de ses clients. Ses produits sont réalisés à partir de matières premières, rigoureusement sélectionnées et en privilégiant les origines locales du premier département Français producteur de plantes aromatiques. La satisfaction des clients est une priorité pour Provence Alpes. Pour ce faire, l’entreprise fait preuve d’une grande réactivité face à la demande. Forte de son expérience en matière de création de recettes, la société Provence Alpes est à même de vous proposer une large gamme de produits. Elle peut vous aider à élaborer et fabriquer vos propres formules et à adapter des recettes à vos besoins.",
      "Photos Producteurs (from FOURNISSEUR)": [
        {
          "id": "attRVuNQ27ZQ1h630",
          "width": 450,
          "height": 332,
          "url": "https://dl.airtable.com/.attachments/71d722d4f2004abe534ec162be51abd2/cce3870b/CDIEMOZ.png?ts=1654586294&userId=usrF6kLgBaja75CMj&cs=d815af8bf708af02",
          "filename": "CDIEMOZ.png",
          "size": 333867,
          "type": "image/png",
          "thumbnails": {
            "small": {
              "url": "https://dl.airtable.com/.attachmentThumbnails/104b46b4147bd61450a405fbeef809b3/e94b27d9?ts=1654586294&userId=usrF6kLgBaja75CMj&cs=d09556c9e0d64dd3",
              "width": 49,
              "height": 36
            },
            "large": {
              "url": "https://dl.airtable.com/.attachmentThumbnails/ad310d2e471214c1c6d78c12cbb15657/ec767575?ts=1654586294&userId=usrF6kLgBaja75CMj&cs=0a89f85a99730bc2",
              "width": 450,
              "height": 332
            },
            "full": {
              "url": "https://dl.airtable.com/.attachmentThumbnails/720280978ef0b142a25e24a3d7ddd97d/d83adc28?ts=1654586294&userId=usrF6kLgBaja75CMj&cs=d50b9fb9662c7558",
              "width": 3000,
              "height": 3000
            }
          }
        }
      ],
      "Label (from FOURNISSEUR)": ["AB"],
      "LABEL LOGO (from FOURNISSEUR)": [
        {
          "id": "atthdViQyZ14LUu8l",
          "width": 1335,
          "height": 606,
          "url": "https://dl.airtable.com/.attachments/0d38d4bd251d74a58a370972d36e2d16/bbd1e6dd/Capture-2.png?ts=1654586294&userId=usrF6kLgBaja75CMj&cs=5613e82b554bf6db",
          "filename": "Capture-2.png",
          "size": 105113,
          "type": "image/png",
          "thumbnails": {
            "small": {
              "url": "https://dl.airtable.com/.attachmentThumbnails/d29e6895f30966e9dd650c26d42c694c/528b8acc?ts=1654586294&userId=usrF6kLgBaja75CMj&cs=4a7960b96ffd4eb6",
              "width": 79,
              "height": 36
            },
            "large": {
              "url": "https://dl.airtable.com/.attachmentThumbnails/43bc2d03176c12b59a06a15126d895c5/2d781fa8?ts=1654586294&userId=usrF6kLgBaja75CMj&cs=2d8a117035c3edfd",
              "width": 1128,
              "height": 512
            },
            "full": {
              "url": "https://dl.airtable.com/.attachmentThumbnails/c10f50df2e56d08c78870d0f258cabc7/c7210777?ts=1654586294&userId=usrF6kLgBaja75CMj&cs=bd975310d2340565",
              "width": 3000,
              "height": 3000
            }
          }
        }
      ],
      "Département (from FOURNISSEUR)": ["DRÔME"],
      "Code Postal (from FOURNISSEUR)": "26270",
      "Ville (from FOURNISSEUR)": "Saulce sur Rhône",
      "STOCK DISPO (from Passerelle Stock vers BDD Produits/Producteurs)": "0",
      "Import CSV Shopify": "FR26.0019.01314",
      "Localisation (from FOURNISSEUR)": "26270 - SAULCE SUR RHÔNE - DRÔME"
    },
    "name": "Caviar d'aubergine",
    "weight": "bocal verre 100 g",
    "price": "1.21",
    "pricePerKg": "12.10",
    "stock": "En rupture",
    "picture": "https://dl.airtable.com/.attachments/e80e10f5e4e50b0c6b0cde6ffbb2155c/c3b6060c/Caviar_Aubergine-removebg-preview.png?ts=1654586294&userId=usrF6kLgBaja75CMj&cs=d6cd2efe1f0e2cd7"
  },
  {
    "id": "rec3WA8iJj4c02YTT",
    "info": {
      "Code Produit QotQot": "FR03.0015.00417",
      "FOURNISSEUR": "EARL Landrieaux",
      "Produit": "Farine Complète",
      "Catégorie": ["Céréales et produits de boulangerie"],
      "Type": ["Céréales"],
      "Spécificité": "Farine",
      "Statut": "Référencé",
      "Dispo": "En stock",
      "Prix d'achat unitaire €HT": 1.75,
      "Descriptif Produit": "x",
      "Image produits sans fond": [
        {
          "id": "attCydYgHRcFlrwsF",
          "width": 433,
          "height": 577,
          "url": "https://dl.airtable.com/.attachments/e30271642b64b92fe10562926cfcbe62/78615bb8/Farine_Complte-removebg-preview.png?ts=1654586294&userId=usrF6kLgBaja75CMj&cs=17801fda17dd8daa",
          "filename": "Farine_Complète-removebg-preview.png",
          "size": 119132,
          "type": "image/png",
          "thumbnails": {
            "small": {
              "url": "https://dl.airtable.com/.attachmentThumbnails/69f5d0f7aa315a43a907b9e3e9ea2810/a884d2fd?ts=1654586294&userId=usrF6kLgBaja75CMj&cs=afee91a444598328",
              "width": 27,
              "height": 36
            },
            "large": {
              "url": "https://dl.airtable.com/.attachmentThumbnails/df8687a5013bf4dfd1c81904e92fd87d/57342098?ts=1654586294&userId=usrF6kLgBaja75CMj&cs=9e2d867c96364362",
              "width": 433,
              "height": 577
            },
            "full": {
              "url": "https://dl.airtable.com/.attachmentThumbnails/5a66a615b5407fb83ee2ba884e402be7/a991dee7?ts=1654586294&userId=usrF6kLgBaja75CMj&cs=2411272a501f5fa0",
              "width": 3000,
              "height": 3000
            }
          }
        }
      ],
      "UVC - Conditionnement": "sachet",
      "UVC - Poids/vol": 1,
      "UVC - Unité": "kg",
      "Prix d'achat kg/g/L €HT": 1.75,
      "Unité d'achat(X*UV)": 1,
      "Tx TVA": 0.055,
      "Produit Pro": true,
      "Produit Particulier": true,
      "Tarif Particulier TTC": 2.954,
      "numéro": 417,
      "Code Fournisseur (from Fournisseurs)": "FR03.0015",
      "Département (from Coordonnées Sociétés)": ["ALLIER"],
      "DESIGNATION": "FARINE COMPLÈTE",
      "Conditionnement": "sachet 1 kg",
      "Tarif Pro (HT)": 2.625,
      "Tarif Pro (HT) au Kg/L": 2.625,
      "Unité Vente": 1,
      "Tarif Particulier TTC Arrondi": 3,
      "Image produits avec fond": [
        {
          "id": "attx0ENjuHjObvgVa",
          "width": 1030,
          "height": 773,
          "url": "https://dl.airtable.com/.attachments/0f063a53925e3f0f8f562d40ef584180/9434d357/FarineComplte.jpg?ts=1654586294&userId=usrF6kLgBaja75CMj&cs=990a1332325351cc",
          "filename": "Farine Complète.jpg",
          "size": 161553,
          "type": "image/jpeg",
          "thumbnails": {
            "small": {
              "url": "https://dl.airtable.com/.attachmentThumbnails/09e76f0cb4f60c8ecdb5ae3ba27fec11/3c75e592?ts=1654586294&userId=usrF6kLgBaja75CMj&cs=b268d3dec5135d40",
              "width": 27,
              "height": 36
            },
            "large": {
              "url": "https://dl.airtable.com/.attachmentThumbnails/c55c5e9b2cf6ec3a121ecbf3238e5e41/c6f611cd?ts=1654586294&userId=usrF6kLgBaja75CMj&cs=9e8b4ad4555ec870",
              "width": 512,
              "height": 682
            },
            "full": {
              "url": "https://dl.airtable.com/.attachmentThumbnails/2a50a7f2c8f9cb145aeda7f28a92799f/2df6f220?ts=1654586294&userId=usrF6kLgBaja75CMj&cs=d1a3a9a82b8cfcb6",
              "width": 3000,
              "height": 3000
            }
          }
        }
      ],
      "Nom complet Produit pour formulaire de Mouvement de Stock": "sachet 1 kg-FARINE COMPLÈTE//EARL Landrieaux//FR03.0015.00417",
      "Prix de vente typeform € TTC": 3.3,
      "DESIGNATION TYPEFORM": "Farine Complète - 1kg -  // 3.30€",
      "Hypothèse 15% marge px pro": 3.2580882352941174,
      "CATEGORIE/TYPE": "Céréales et produits de boulangerie>Céréales",
      "Condi.": "sachet\n1 kg",
      "Disponibilité": "En stock",
      "PRODUCTEUR": "EARL LANDRIEAUX",
      "Spécificités": "Farine",
      "Désignation Produit": "FARINE COMPLÈTE - sachet 1 kg",
      "Désignation Produit 1 ligne": "FARINE COMPLÈTE - sachet 1 kg",
      "Unité de vente détaillée": "1 X 1 kg",
      "Délais d'appro (jours) (from FOURNISSEUR)": "15",
      "Nom de la Société (from FOURNISSEUR)": "EARL Landrieaux",
      "Descriptif Producteur (from FOURNISSEUR)": "100 % céréales de la ferme écrasée à la meule de pierre pour une farine de qualité et un goût authentique Pâtes séchées très lentement (environ 20 heures) pour conserver les qualités gustatives et nutritionnelles",
      "Photos Producteurs (from FOURNISSEUR)": [
        {
          "id": "attN0mQpwUbUrf5L6",
          "width": 1200,
          "height": 800,
          "url": "https://dl.airtable.com/.attachments/e2576968b198c578aebfafe7935237ab/18e09d4d/la-vie-rurale-a-l-earl-landrieaux-a-louchy-montfand-ble-fari_4799520.jpeg?ts=1654586294&userId=usrF6kLgBaja75CMj&cs=532a4232647b5802",
          "filename": "la-vie-rurale-a-l-earl-landrieaux-a-louchy-montfand-ble-fari_4799520.jpeg",
          "size": 158251,
          "type": "image/jpeg",
          "thumbnails": {
            "small": {
              "url": "https://dl.airtable.com/.attachmentThumbnails/757ec0565b752c1c667d59ce30046de9/3ff4cd86?ts=1654586294&userId=usrF6kLgBaja75CMj&cs=b558d864076a6db6",
              "width": 54,
              "height": 36
            },
            "large": {
              "url": "https://dl.airtable.com/.attachmentThumbnails/94f450b1953d5e610e57a943dab6adcc/3aeda7f5?ts=1654586294&userId=usrF6kLgBaja75CMj&cs=68a9de3ca3a6efd3",
              "width": 768,
              "height": 512
            },
            "full": {
              "url": "https://dl.airtable.com/.attachmentThumbnails/9b69eeb700e46d1de69dbf528ba86da4/b991ebb5?ts=1654586294&userId=usrF6kLgBaja75CMj&cs=00cb62b88907d64e",
              "width": 3000,
              "height": 3000
            }
          }
        }
      ],
      "Label (from FOURNISSEUR)": ["La région du goût"],
      "LABEL LOGO (from FOURNISSEUR)": [
        {
          "id": "att00CpbJDmobHibi",
          "width": 800,
          "height": 800,
          "url": "https://dl.airtable.com/.attachments/29b77a8bbbdea8886f6d92fe8acd2c45/079ba2af/logos_La_region_du_Gout-03.jpg?ts=1654586294&userId=usrF6kLgBaja75CMj&cs=32a95b018ac3f554",
          "filename": "logos_La_region_du_Gout-03.jpg",
          "size": 70362,
          "type": "image/jpeg",
          "thumbnails": {
            "small": {
              "url": "https://dl.airtable.com/.attachmentThumbnails/306061d7cc3ed7de82c1ca15d0df0789/62804379?ts=1654586294&userId=usrF6kLgBaja75CMj&cs=b39cfd205336a91e",
              "width": 36,
              "height": 36
            },
            "large": {
              "url": "https://dl.airtable.com/.attachmentThumbnails/d9105bb7f8fb22fce5080f55fd8ee3a0/327e9284?ts=1654586294&userId=usrF6kLgBaja75CMj&cs=2540ad81aeb58020",
              "width": 512,
              "height": 512
            },
            "full": {
              "url": "https://dl.airtable.com/.attachmentThumbnails/762bbbcf574ed19ffc019a7d533f40f8/66b0d459?ts=1654586294&userId=usrF6kLgBaja75CMj&cs=a02edf4502c61df1",
              "width": 3000,
              "height": 3000
            }
          }
        }
      ],
      "Département (from FOURNISSEUR)": ["ALLIER"],
      "Code Postal (from FOURNISSEUR)": "03500",
      "Ville (from FOURNISSEUR)": " LOUCHY MONTFAND",
      "STOCK DISPO (from Passerelle Stock vers BDD Produits/Producteurs)": "10",
      "Import CSV Shopify": "FR03.0015.00417",
      "Localisation (from FOURNISSEUR)": "03500 -  LOUCHY MONTFAND - ALLIER"
    },
    "name": "Farine Complète",
    "weight": "sachet 1 kg",
    "price": "1.75",
    "pricePerKg": "1.75",
    "stock": "En stock",
    "picture": "https://dl.airtable.com/.attachments/e30271642b64b92fe10562926cfcbe62/78615bb8/Farine_Complte-removebg-preview.png?ts=1654586294&userId=usrF6kLgBaja75CMj&cs=17801fda17dd8daa"
  },
  {
    "id": "rec5O41Jk6rMIo1WC",
    "info": {
      "Code Produit QotQot": "FR69.0011.00988",
      "FOURNISSEUR": "Venandi",
      "Produit": "Terrine de Chevreuil Abricots/Pistaches",
      "Catégorie": ["Charcuteries et salaisons"],
      "Type": ["Terrines"],
      "Spécificité": "Chevreuil",
      "Statut": "Référencé",
      "Dispo": "En stock",
      "Prix d'achat unitaire €HT": 3.2,
      "Descriptif Produit": "Cette terrine est composée de 50% de viande de chevreuil sauvage français. Le chevreuil est une viande particulièrement maigre qui ne contient que 5 grammes de lipides pour 100 grammes. Elle est également une importante source de protéines et de fer pour votre corps. Pour une recette très gourmande, nous avons ajouter ajouter quelques abricots et pistaches qui donnent une douceur particulière à cette terrine",
      "Image produits sans fond": [
        {
          "id": "att8KgFhUSZ3W7NJo",
          "width": 577,
          "height": 433,
          "url": "https://dl.airtable.com/.attachments/049ec48a6459666edfc063d098559c2e/961975e9/Terrine_chevreuil-abricots-scaled-removebg-preview.png?ts=1654586294&userId=usrF6kLgBaja75CMj&cs=2b39586368ec653f",
          "filename": "Terrine_chevreuil-abricots-scaled-removebg-preview.png",
          "size": 89646,
          "type": "image/png",
          "thumbnails": {
            "small": {
              "url": "https://dl.airtable.com/.attachmentThumbnails/5beaaa71dfb06178c972c6f0f67389ff/56902898?ts=1654586294&userId=usrF6kLgBaja75CMj&cs=98c454521b2b275a",
              "width": 48,
              "height": 36
            },
            "large": {
              "url": "https://dl.airtable.com/.attachmentThumbnails/3e1f53a233b473c9f573dd9b9bd75830/37e59ee2?ts=1654586294&userId=usrF6kLgBaja75CMj&cs=da76343570c19800",
              "width": 577,
              "height": 433
            },
            "full": {
              "url": "https://dl.airtable.com/.attachmentThumbnails/e971e6c8f1d97b0e7ea55aee7efd1e3e/79e04897?ts=1654586294&userId=usrF6kLgBaja75CMj&cs=a278e5951364c1fd",
              "width": 3000,
              "height": 3000
            }
          }
        }
      ],
      "UVC - Conditionnement": "bocal verre",
      "UVC - Poids/vol": 100,
      "UVC - Unité": "g",
      "Prix d'achat kg/g/L €HT": 32,
      "Unité d'achat(X*UV)": 12,
      "Tx TVA": 0.055,
      "Produit Pro": true,
      "Produit Particulier": true,
      "Tarif Particulier TTC": 5.401600000000001,
      "numéro": 988,
      "Code Fournisseur (from Fournisseurs)": "FR69.0011",
      "Département (from Coordonnées Sociétés)": ["RHÔNE"],
      "DESIGNATION": "TERRINE DE CHEVREUIL ABRICOTS/PISTACHES",
      "Conditionnement": "bocal verre 100 g",
      "Tarif Pro (HT)": 4.800000000000001,
      "Tarif Pro (HT) au Kg/L": 48.00000000000001,
      "Unité Vente": 1,
      "Tarif Particulier TTC Arrondi": 5.5,
      "Image produits avec fond": [
        {
          "id": "attKHu6jL1FgLuFXg",
          "width": 920,
          "height": 518,
          "url": "https://dl.airtable.com/.attachments/46378e38e3224c7774bcdf780bdf6aeb/0e9e94cd/chevreuilabricot-920x518.jpg?ts=1654586294&userId=usrF6kLgBaja75CMj&cs=47361321c5efa135",
          "filename": "chevreuilabricot-920x518.jpg",
          "size": 19018,
          "type": "image/jpeg",
          "thumbnails": {
            "small": {
              "url": "https://dl.airtable.com/.attachmentThumbnails/ebded6777cc0d013a39b53c22b760603/73282472?ts=1654586294&userId=usrF6kLgBaja75CMj&cs=da19bd338ec87446",
              "width": 64,
              "height": 36
            },
            "large": {
              "url": "https://dl.airtable.com/.attachmentThumbnails/55094722b5f257cd41d58abb92388338/46a1c96a?ts=1654586294&userId=usrF6kLgBaja75CMj&cs=6e352b8256b2f183",
              "width": 909,
              "height": 512
            },
            "full": {
              "url": "https://dl.airtable.com/.attachmentThumbnails/8c4c362781efe20b09c74b684c29bd04/b87f26bb?ts=1654586294&userId=usrF6kLgBaja75CMj&cs=7f06ad9412644b6b",
              "width": 3000,
              "height": 3000
            }
          }
        }
      ],
      "Nom complet Produit pour formulaire de Mouvement de Stock": "bocal verre 100 g-TERRINE DE CHEVREUIL ABRICOTS/PISTACHES//Venandi//FR69.0011.00988",
      "Prix de vente € TTC conseillé": 6.5,
      "Prix de vente typeform € TTC": 5.9,
      "DESIGNATION TYPEFORM": "Terrine de Chevreuil Abricots/Pistaches - 100g -  // 5.90€",
      "Hypothèse 15% marge px pro": 5.957647058823531,
      "CATEGORIE/TYPE": "Charcuteries et salaisons>Terrines",
      "Condi.": "bocal verre\n100 g",
      "Disponibilité": "En stock",
      "PRODUCTEUR": "VENANDI",
      "Spécificités": "Chevreuil",
      "Désignation Produit": "TERRINE DE CHEVREUIL ABRICOTS/PISTACHES - bocal verre 100 g",
      "Désignation Produit 1 ligne": "TERRINE DE CHEVREUIL ABRICOTS/PISTACHES - bocal verre 100 g",
      "Unité de vente détaillée": "1 X 100 g",
      "Délais d'appro (jours) (from FOURNISSEUR)": "10",
      "Nom de la Société (from FOURNISSEUR)": "Venandi",
      "Descriptif Producteur (from FOURNISSEUR)": "Mathieu & François : des amoureux de la nature et du goût Notre aventure, c’est d’abord celle de deux amis (Mathieu et François) qui ont eu l’envie de créer une aventure responsable, humaine et très gourmande autour de la viande sauvage. L’idée est de concocter des produits à base de viande de gibier pour le mettre sur le devant de la scène culinaire française (rien que ça) ! Après l’école, François rejoint Tilkee, une start-up de l’écosystème lyonnais qui cherche à développer l’efficacité des commerciaux grâce à un logiciel de tracking. Cette expérience lui permettra de faire ses premières armes sur ce marché en construction et apprend ainsi les aléas des petites entreprises. Sa devise : La qualité et la satisfaction des clients avant tout ! Mathieu de son côté, pas très copain avec les études, décide de se lancer dans le monde du bâtiment en créant son entreprise d’artisan peintre. Son activité lui apprend la débrouille et la gestion du terrain. Sa devise : Il n’y a pas de problème, que des solutions! C’est leur passion commune pour la nature et la pratique de la chasse durable qui les réunit et qui fait émerger cette idée : pouvoir faire partager ces produits artisanaux confectionnés à partir de viandes exceptionnelles au plus grand nombre (y a pas de raison que seuls les gens des campagnes puissent en profiter!). La raison d’être de VENANDI vise à faire connaître au grand public les gibiers français. Alors ne vous inquiétez pas, on va tout vous expliquer : chasse durable, gibiers, avantages nutritifs.. mais surtout comment étonner et éduquer les papilles ! Nous avons à cœur d’être dans une démarche proche de nos valeurs : authenticité, transparence, et qualité ! L’aventure est donc lancée et vous pouvez d’ores et déjà goûter les premiers produits Venandi à base de gibier 100% sauvage et français !",
      "Photos Producteurs (from FOURNISSEUR)": [
        {
          "id": "attKjBhbI7QXU6CXA",
          "width": 125,
          "height": 125,
          "url": "https://dl.airtable.com/.attachments/95661b253ccd6bac798fb5c47efc5e25/c1a4dcf5/shop_logo2808.png?ts=1654586294&userId=usrF6kLgBaja75CMj&cs=2990d2189a8e1d5c",
          "filename": "shop_logo2808.png",
          "size": 28115,
          "type": "image/png",
          "thumbnails": {
            "small": {
              "url": "https://dl.airtable.com/.attachmentThumbnails/972229f83d4ee3aadbd350eba96e9861/de367ea8?ts=1654586294&userId=usrF6kLgBaja75CMj&cs=73b0f739a5795de3",
              "width": 36,
              "height": 36
            },
            "large": {
              "url": "https://dl.airtable.com/.attachmentThumbnails/30661ced6403982643fef9e708837bf2/d915bca8?ts=1654586294&userId=usrF6kLgBaja75CMj&cs=3f48b157e0743a7d",
              "width": 125,
              "height": 125
            },
            "full": {
              "url": "https://dl.airtable.com/.attachmentThumbnails/0ca3fbe925e7b17028a45b4f9b9e45f5/9e9a273c?ts=1654586294&userId=usrF6kLgBaja75CMj&cs=e7fdda9ab074df35",
              "width": 3000,
              "height": 3000
            }
          }
        },
        {
          "id": "attqzvVjIfc1l2glC",
          "width": 920,
          "height": 1015,
          "url": "https://dl.airtable.com/.attachments/be07aea559ed00f0243ef6a806745b60/c89eff61/IMG_8178-920x1015.jpg?ts=1654586294&userId=usrF6kLgBaja75CMj&cs=3f4854807477cca2",
          "filename": "IMG_8178-920x1015.jpg",
          "size": 229833,
          "type": "image/jpeg",
          "thumbnails": {
            "small": {
              "url": "https://dl.airtable.com/.attachmentThumbnails/5bea6ec618bb0373241a5b451faa2560/146701b3?ts=1654586294&userId=usrF6kLgBaja75CMj&cs=5b7520546d79418f",
              "width": 33,
              "height": 36
            },
            "large": {
              "url": "https://dl.airtable.com/.attachmentThumbnails/c8b88a367c75bd440a35df278f599d31/3a2c46c7?ts=1654586294&userId=usrF6kLgBaja75CMj&cs=63f2a4847c5000bd",
              "width": 512,
              "height": 565
            },
            "full": {
              "url": "https://dl.airtable.com/.attachmentThumbnails/6cb397e18cf4da69323c92245809aa0a/49ccc106?ts=1654586294&userId=usrF6kLgBaja75CMj&cs=ef1b00da4d493a42",
              "width": 3000,
              "height": 3000
            }
          }
        }
      ],
      "Département (from FOURNISSEUR)": ["RHÔNE"],
      "Code Postal (from FOURNISSEUR)": "69002",
      "Ville (from FOURNISSEUR)": "LYON",
      "STOCK DISPO (from Passerelle Stock vers BDD Produits/Producteurs)": "6",
      "Import CSV Shopify": "FR69.0011.00988",
      "Localisation (from FOURNISSEUR)": "69002 - LYON - RHÔNE"
    },
    "name": "Terrine de Chevreuil Abricots/Pistaches",
    "weight": "bocal verre 100 g",
    "price": "3.20",
    "pricePerKg": "32.00",
    "stock": "En stock",
    "picture": "https://dl.airtable.com/.attachments/049ec48a6459666edfc063d098559c2e/961975e9/Terrine_chevreuil-abricots-scaled-removebg-preview.png?ts=1654586294&userId=usrF6kLgBaja75CMj&cs=2b39586368ec653f"
  },
  {
    "id": "rec5XKCax5IHF2Am4",
    "info": {
      "Code Produit QotQot": "FR73.0001.00212",
      "FOURNISSEUR": "Conserverie des Alpes",
      "Produit": "Pickles en Couleurs",
      "Catégorie": ["Épicerie salée"],
      "Type": ["Condiments"],
      "Spécificité": "Pickles",
      "Statut": "Référencé",
      "Dispo": "En stock",
      "Prix d'achat unitaire €HT": 4.85,
      "Descriptif Produit": "Mélange de légumes macéré dans un vinaigre de vin blanc de l’Ardèche réalisé en méthode Orléanaise. A picorer à l'apéritif ou pour agrémenter vos sandwiches ou votre charcuterie.",
      "Image produits sans fond": [
        {
          "id": "attzNu6QWP6q50ZBJ",
          "width": 500,
          "height": 500,
          "url": "https://dl.airtable.com/.attachments/e2953e67fc86f129489bac9573938cda/fbe28311/pickles-couleur-1-removebg-preview.png?ts=1654586294&userId=usrF6kLgBaja75CMj&cs=ede534c50bdff66f",
          "filename": "pickles-couleur-1-removebg-preview.png",
          "size": 173013,
          "type": "image/png",
          "thumbnails": {
            "small": {
              "url": "https://dl.airtable.com/.attachmentThumbnails/e3d314e61cdf088c534146519bf36511/e90d222b?ts=1654586294&userId=usrF6kLgBaja75CMj&cs=307555bc463d8a6d",
              "width": 36,
              "height": 36
            },
            "large": {
              "url": "https://dl.airtable.com/.attachmentThumbnails/97e220bec84d55e57a0cedaf03fc743d/5eba32ce?ts=1654586294&userId=usrF6kLgBaja75CMj&cs=b2437c28247e1104",
              "width": 500,
              "height": 500
            },
            "full": {
              "url": "https://dl.airtable.com/.attachmentThumbnails/72f8408d7c5346233430e857b426954c/c2b3fb15?ts=1654586294&userId=usrF6kLgBaja75CMj&cs=4a60f9b33f1f4c40",
              "width": 3000,
              "height": 3000
            }
          }
        }
      ],
      "EAN 13": { "text": "3770013202605" },
      "DDM (mois)": 36,
      "UVC - Conditionnement": "bocal verre",
      "UVC - Poids/vol": 350,
      "UVC - Unité": "g",
      "Prix d'achat kg/g/L €HT": 13.857142857142856,
      "Unité d'achat(X*UV)": 6,
      "Tx TVA": 0.055,
      "Produit Pro": true,
      "Produit Particulier": true,
      "Tarif Particulier TTC": 8.1868,
      "numéro": 212,
      "Code Fournisseur (from Fournisseurs)": "FR73.0001",
      "Département (from Coordonnées Sociétés)": ["SAVOIE"],
      "Franco €": "€450",
      "DESIGNATION": "PICKLES EN COULEURS",
      "Conditionnement": "bocal verre 350 g",
      "Tarif Pro (HT)": 7.2749999999999995,
      "Tarif Pro (HT) au Kg/L": 20.785714285714285,
      "Unité Vente": 1,
      "Tarif Particulier TTC Arrondi": 8.200000000000001,
      "Image produits avec fond": [
        {
          "id": "attaJBOsAtJhtslZJ",
          "width": 600,
          "height": 600,
          "url": "https://dl.airtable.com/.attachments/6e514b22b5f2a2dd47036fae64eb71f5/3055228a/pickles-couleur-1.jpg?ts=1654586294&userId=usrF6kLgBaja75CMj&cs=fcb508aa3720f7c1",
          "filename": "pickles-couleur-1.jpg",
          "size": 28155,
          "type": "image/jpeg",
          "thumbnails": {
            "small": {
              "url": "https://dl.airtable.com/.attachmentThumbnails/0d19e4ce6a7072ceb38834a058fd0e8e/35ee9627?ts=1654586294&userId=usrF6kLgBaja75CMj&cs=3511db6647cc067f",
              "width": 36,
              "height": 36
            },
            "large": {
              "url": "https://dl.airtable.com/.attachmentThumbnails/4274ef18abea348c33e090164e06d829/7a64cc89?ts=1654586294&userId=usrF6kLgBaja75CMj&cs=727aede6a36315df",
              "width": 512,
              "height": 512
            },
            "full": {
              "url": "https://dl.airtable.com/.attachmentThumbnails/e35abaddc0f3cb2fb07d2abf8f3e72bc/d8c6c02e?ts=1654586294&userId=usrF6kLgBaja75CMj&cs=65fc04a87b59db54",
              "width": 3000,
              "height": 3000
            }
          }
        }
      ],
      "Nom complet Produit pour formulaire de Mouvement de Stock": "bocal verre 350 g-PICKLES EN COULEURS//Conserverie des Alpes//FR73.0001.00212",
      "Prix de vente € TTC conseillé": 8.35,
      "Prix de vente typeform € TTC": 8.9,
      "DESIGNATION TYPEFORM": "Pickles en Couleurs - 350g -  // 8.90€",
      "Hypothèse 15% marge px pro": 9.029558823529412,
      "Idée Recette": "A picorer à l'apéritif ou pour agrémenter vos sandwiches ou votre charcuterie.",
      "CATEGORIE/TYPE": "Épicerie salée>Condiments",
      "Condi.": "bocal verre\n350 g",
      "Disponibilité": "En stock",
      "PRODUCTEUR": "CONSERVERIE DES ALPES",
      "Spécificités": "Pickles",
      "Commande Fournisseurs": "FR73.0001-07/03/2022",
      "Désignation Produit": "PICKLES EN COULEURS - bocal verre 350 g",
      "Désignation Produit 1 ligne": "PICKLES EN COULEURS - bocal verre 350 g",
      "Unité de vente détaillée": "1 X 350 g",
      "Délais d'appro (jours) (from FOURNISSEUR)": "21",
      "Nom de la Société (from FOURNISSEUR)": "Conserverie des Alpes",
      "Descriptif Producteur (from FOURNISSEUR)": "Nous avons créé la Conserverie des Alpes avec l’ambition de vous apporter plaisirs gustatifs et convivialité. C’est pourquoi, jour après jour, dans notre atelier situé entre Chambery et Grenoble, nous cuisinons nos recettes avec des produits de qualité et dans la tradition . Nous privilégions la vente dans les magasins proches de chez-vous, mais comme nous ne pouvons être « devant l’autoclave et sur les routes « , ce site permet au plus grand nombre de découvrir nos produits. Parce que c’est bon d’être gourmands !",
      "Photos Producteurs (from FOURNISSEUR)": [
        {
          "id": "attjcF2CJtWLGkjEK",
          "width": 512,
          "height": 728,
          "url": "https://dl.airtable.com/.attachments/32b29f93de66665409977112ba217470/e38b3484/Createurs-CDA.jpg?ts=1654586294&userId=usrF6kLgBaja75CMj&cs=ee52e17ce7e2d33b",
          "filename": "Createurs-CDA.jpg",
          "size": 43813,
          "type": "image/jpeg",
          "thumbnails": {
            "small": {
              "url": "https://dl.airtable.com/.attachmentThumbnails/ed10470eb20d1d076185c8c8af8c5f45/78397610?ts=1654586294&userId=usrF6kLgBaja75CMj&cs=db881180be934211",
              "width": 25,
              "height": 36
            },
            "large": {
              "url": "https://dl.airtable.com/.attachmentThumbnails/44c4acd035b550bbf875ea8452bae033/efe31b06?ts=1654586294&userId=usrF6kLgBaja75CMj&cs=108131636cbd9af8",
              "width": 512,
              "height": 728
            },
            "full": {
              "url": "https://dl.airtable.com/.attachmentThumbnails/df1bf8335b9e56bdaed5b79d079fa35c/9ee4a76a?ts=1654586294&userId=usrF6kLgBaja75CMj&cs=1d96d85a461781a0",
              "width": 3000,
              "height": 3000
            }
          }
        }
      ],
      "Label (from FOURNISSEUR)": ["CCF", "La région du goût", "Artisan"],
      "LABEL LOGO (from FOURNISSEUR)": [
        {
          "id": "attcurDrdzv3WKzgX",
          "width": 300,
          "height": 425,
          "url": "https://dl.airtable.com/.attachments/10facc442036878f053ebf722b1343f6/2a15cee3/plaque-paq.png?ts=1654586294&userId=usrF6kLgBaja75CMj&cs=080b49b6a7ea772d",
          "filename": "plaque-paq.png",
          "size": 138645,
          "type": "image/png",
          "thumbnails": {
            "small": {
              "url": "https://dl.airtable.com/.attachmentThumbnails/38371e0c27d08b60b7aca3de929bcf3e/e0b6290c?ts=1654586294&userId=usrF6kLgBaja75CMj&cs=cebbfc385f1e5d77",
              "width": 25,
              "height": 36
            },
            "large": {
              "url": "https://dl.airtable.com/.attachmentThumbnails/b92f3ffee601e21d2439f0ae4fa81bb4/44090614?ts=1654586294&userId=usrF6kLgBaja75CMj&cs=149ca51a9ec96106",
              "width": 300,
              "height": 425
            },
            "full": {
              "url": "https://dl.airtable.com/.attachmentThumbnails/42abe8cd9a52bb00677ca947e8e9a8a5/00a1acb8?ts=1654586294&userId=usrF6kLgBaja75CMj&cs=cdebeaaf190cc367",
              "width": 3000,
              "height": 3000
            }
          }
        },
        {
          "id": "attoI3DHRMHpznywN",
          "width": 800,
          "height": 800,
          "url": "https://dl.airtable.com/.attachments/4a3bae4d1814fec4e2ffde387cfae864/e41f1169/logos_La_region_du_Gout-03.jpg?ts=1654586294&userId=usrF6kLgBaja75CMj&cs=4dc6d95a4ce079da",
          "filename": "logos_La_region_du_Gout-03.jpg",
          "size": 70362,
          "type": "image/jpeg",
          "thumbnails": {
            "small": {
              "url": "https://dl.airtable.com/.attachmentThumbnails/3da61959bea884f02da3cdce1fcad559/688c5670?ts=1654586294&userId=usrF6kLgBaja75CMj&cs=60033a06bfbd7bb3",
              "width": 36,
              "height": 36
            },
            "large": {
              "url": "https://dl.airtable.com/.attachmentThumbnails/751437f5a1d06e5f36486efc1724af78/fe52cc4d?ts=1654586294&userId=usrF6kLgBaja75CMj&cs=c5147a277ddd54c8",
              "width": 512,
              "height": 512
            },
            "full": {
              "url": "https://dl.airtable.com/.attachmentThumbnails/a2bcbbeedac491f72e167235b1dc60ca/750a3d80?ts=1654586294&userId=usrF6kLgBaja75CMj&cs=19671c8c51d3fbc9",
              "width": 3000,
              "height": 3000
            }
          }
        },
        {
          "id": "attSI3KuvyR9WvChA",
          "width": 820,
          "height": 527,
          "url": "https://dl.airtable.com/.attachments/af20cec29a0ddcc368c0355ce52e7e8a/12cde9a3/Artisan_Logo_Image_Handicraft_PNG_1271x817px_Artisan_Area_Art_...?ts=1654586294&userId=usrF6kLgBaja75CMj&cs=9b3483ea535204b5",
          "filename": "Artisan_Logo_Image_Handicraft_PNG_1271x817px_Artisan_Area_Art_...",
          "size": 45959,
          "type": "image/jpeg",
          "thumbnails": {
            "small": {
              "url": "https://dl.airtable.com/.attachmentThumbnails/b7ba114a701b90f3cd85ad2577cd9a01/328d53c9?ts=1654586294&userId=usrF6kLgBaja75CMj&cs=5fc3883162e2d7c0",
              "width": 56,
              "height": 36
            },
            "large": {
              "url": "https://dl.airtable.com/.attachmentThumbnails/13ecb8c937681cd9299eff7240b57ba0/435556c6?ts=1654586294&userId=usrF6kLgBaja75CMj&cs=75dee0e852932cb0",
              "width": 797,
              "height": 512
            },
            "full": {
              "url": "https://dl.airtable.com/.attachmentThumbnails/da825dab455a5dda70c6e43dd599ee46/890ebc41?ts=1654586294&userId=usrF6kLgBaja75CMj&cs=29d3c522557a6ecf",
              "width": 3000,
              "height": 3000
            }
          }
        }
      ],
      "Département (from FOURNISSEUR)": ["SAVOIE"],
      "Code Postal (from FOURNISSEUR)": "73230",
      "Ville (from FOURNISSEUR)": " VEREL PRAGONDRAN",
      "STOCK DISPO (from Passerelle Stock vers BDD Produits/Producteurs)": "6",
      "Import CSV Shopify": "FR73.0001.00212",
      "Localisation (from FOURNISSEUR)": "73230 -  VEREL PRAGONDRAN - SAVOIE"
    },
    "name": "Pickles en Couleurs",
    "weight": "bocal verre 350 g",
    "price": "4.85",
    "pricePerKg": "13.86",
    "stock": "En stock",
    "picture": "https://dl.airtable.com/.attachments/e2953e67fc86f129489bac9573938cda/fbe28311/pickles-couleur-1-removebg-preview.png?ts=1654586294&userId=usrF6kLgBaja75CMj&cs=ede534c50bdff66f"
  },
  {
    "id": "rec5eIfSRarfJ23fo",
    "info": {
      "Code Produit QotQot": "FR01.0023.00532",
      "FOURNISSEUR": "Le Fumet des Dombes",
      "Produit": "Rillettes de Carpe de la Dombes au citron",
      "Catégorie": ["Épicerie salée"],
      "Type": ["Tartinables"],
      "Spécificité": "Poissons",
      "Statut": "Référencé",
      "Dispo": "En stock",
      "Prix d'achat unitaire €HT": 2.6,
      "Descriptif Produit": "Ingrédients : Carpe* 49%, truite 19%, crème pasteurisée, œufs pasteurisés, écorce de citron \n4.7%, légumes (carotte, poireau, oignon), sel.\n*Élevée dans les étangs de la Dombes, France.\nTraces possibles de fruits à coques.",
      "Image produits sans fond": [
        {
          "id": "att0dFhj5NVHSG8nO",
          "width": 557,
          "height": 448,
          "url": "https://dl.airtable.com/.attachments/a2d07c9369db9276ec548b141311c07c/d4eb4f03/Capture_d_cran_2021-11-30_164640_citron-removebg-preview.png?ts=1654586294&userId=usrF6kLgBaja75CMj&cs=b075b4471ba20b98",
          "filename": "Capture_d_écran_2021-11-30_164640_citron-removebg-preview.png",
          "size": 241729,
          "type": "image/png",
          "thumbnails": {
            "small": {
              "url": "https://dl.airtable.com/.attachmentThumbnails/35109627d90a6003a39ec78fe5494e10/0c201ec8?ts=1654586294&userId=usrF6kLgBaja75CMj&cs=79ce9e935ee0feba",
              "width": 45,
              "height": 36
            },
            "large": {
              "url": "https://dl.airtable.com/.attachmentThumbnails/4bafa9d882cc1009af172a8040bb46da/8d4d4447?ts=1654586294&userId=usrF6kLgBaja75CMj&cs=0234d603edd9b389",
              "width": 557,
              "height": 448
            },
            "full": {
              "url": "https://dl.airtable.com/.attachmentThumbnails/7da7ba697752949308e9078bfa82236f/d57e64ea?ts=1654586294&userId=usrF6kLgBaja75CMj&cs=76440b545b438665",
              "width": 3000,
              "height": 3000
            }
          }
        }
      ],
      "Référence Fournisseur": "0140071",
      "DDM (mois)": 24,
      "UVC - Conditionnement": "bocal verre",
      "UVC - Poids/vol": 90,
      "UVC - Unité": "g",
      "Prix d'achat kg/g/L €HT": 28.88888888888889,
      "Unité d'achat(X*UV)": 20,
      "Tx TVA": 0.055,
      "Produit Pro": true,
      "Produit Particulier": true,
      "Tarif Particulier TTC": 4.3888,
      "numéro": 532,
      "Code Fournisseur (from Fournisseurs)": "FR01.0023",
      "Département (from Coordonnées Sociétés)": ["AIN"],
      "DESIGNATION": "RILLETTES DE CARPE DE LA DOMBES AU CITRON",
      "Conditionnement": "bocal verre 90 g",
      "Tarif Pro (HT)": 3.9000000000000004,
      "Tarif Pro (HT) au Kg/L": 43.333333333333336,
      "Unité Vente": 1,
      "Tarif Particulier TTC Arrondi": 4.4,
      "Image produits avec fond": [
        {
          "id": "att0dFhj5NVHSG8nO",
          "width": 557,
          "height": 448,
          "url": "https://dl.airtable.com/.attachments/a2d07c9369db9276ec548b141311c07c/d4eb4f03/Capture_d_cran_2021-11-30_164640_citron-removebg-preview.png?ts=1654586294&userId=usrF6kLgBaja75CMj&cs=b075b4471ba20b98",
          "filename": "Capture_d_écran_2021-11-30_164640_citron-removebg-preview.png",
          "size": 241729,
          "type": "image/png",
          "thumbnails": {
            "small": {
              "url": "https://dl.airtable.com/.attachmentThumbnails/35109627d90a6003a39ec78fe5494e10/0c201ec8?ts=1654586294&userId=usrF6kLgBaja75CMj&cs=79ce9e935ee0feba",
              "width": 45,
              "height": 36
            },
            "large": {
              "url": "https://dl.airtable.com/.attachmentThumbnails/4bafa9d882cc1009af172a8040bb46da/8d4d4447?ts=1654586294&userId=usrF6kLgBaja75CMj&cs=0234d603edd9b389",
              "width": 557,
              "height": 448
            },
            "full": {
              "url": "https://dl.airtable.com/.attachmentThumbnails/7da7ba697752949308e9078bfa82236f/d57e64ea?ts=1654586294&userId=usrF6kLgBaja75CMj&cs=76440b545b438665",
              "width": 3000,
              "height": 3000
            }
          }
        }
      ],
      "Nom complet Produit pour formulaire de Mouvement de Stock": "bocal verre 90 g-RILLETTES DE CARPE DE LA DOMBES AU CITRON//Le Fumet des Dombes//FR01.0023.00532",
      "Prix de vente € TTC conseillé": 4,
      "Prix de vente typeform € TTC": 4.9,
      "DESIGNATION TYPEFORM": "Rillettes de Carpe de la Dombes au citron - 90g -  // 4.90€",
      "Hypothèse 15% marge px pro": 4.840588235294118,
      "Idée Recette": "A tartiner sur du pain grillé ",
      "CATEGORIE/TYPE": "Épicerie salée>Tartinables",
      "Condi.": "bocal verre\n90 g",
      "Disponibilité": "En stock",
      "PRODUCTEUR": "LE FUMET DES DOMBES",
      "Spécificités": "Poissons",
      "Commande Fournisseurs": "FR01.0023-11/02/2022",
      "Désignation Produit": "RILLETTES DE CARPE DE LA DOMBES AU CITRON - bocal verre 90 g",
      "Désignation Produit 1 ligne": "RILLETTES DE CARPE DE LA DOMBES AU CITRON - bocal verre 90 g",
      "Unité de vente détaillée": "1 X 90 g",
      "Délais d'appro (jours) (from FOURNISSEUR)": "10",
      "Nom de la Société (from FOURNISSEUR)": "Le Fumet des Dombes",
      "Descriptif Producteur (from FOURNISSEUR)": "Entreprise créé en 1988 par Edouard Rolland et sa sœur Chantal Rolland. L’idée première fût de valoriser les poisons des étangs de la Dombes, notamment la carpe. Maître Artisan cette entreprise familiale privilégie un savoir faire traditionnel pour proposer des produits gastronomiques à tous ses clients, garantis sans colorant et sans conservateur Nos rillettes sont élaborées à partir de poissons de poissons d’eau douce et de mer >Carpe des étangs de la Dombes >Truite d’Auvergne Rhône Alpes >Saumon sauvage d’Alaska >Saumon bio d’Ecosse Nous cuisinons avec de la crème fraîche de Bresse AOP et des oeufs issus des monts du lyonnais afin de travailler avec des partenaires locaux Nous garantissons ainsi une traçabilité et des ingrédients de qualité !",
      "Photos Producteurs (from FOURNISSEUR)": [
        {
          "id": "attiEwnVHt4e5UHBx",
          "width": 200,
          "height": 197,
          "url": "https://dl.airtable.com/.attachments/8b1d8bd9e311896159a94f1ebf40eea2/38567b06/Origine_de_nos_produits?ts=1654586294&userId=usrF6kLgBaja75CMj&cs=456c7587b84da9d7",
          "filename": "Origine_de_nos_produits",
          "size": 16784,
          "type": "image/jpeg",
          "thumbnails": {
            "small": {
              "url": "https://dl.airtable.com/.attachmentThumbnails/7d9d6b066207f95cf5e9c0df9aebfd19/c43b4c51?ts=1654586294&userId=usrF6kLgBaja75CMj&cs=13017ef9f97cafa9",
              "width": 37,
              "height": 36
            },
            "large": {
              "url": "https://dl.airtable.com/.attachmentThumbnails/b5b643d5a0b6ae42f91125f2f4d41100/1a94ad0d?ts=1654586294&userId=usrF6kLgBaja75CMj&cs=c6667b636507da99",
              "width": 200,
              "height": 197
            },
            "full": {
              "url": "https://dl.airtable.com/.attachmentThumbnails/1df0e5c07dcef4a5110c0d3b625f237c/643cb6fd?ts=1654586294&userId=usrF6kLgBaja75CMj&cs=14ff800342713074",
              "width": 3000,
              "height": 3000
            }
          }
        }
      ],
      "Label (from FOURNISSEUR)": ["Maitre Artisan"],
      "LABEL LOGO (from FOURNISSEUR)": [
        {
          "id": "attFhAekK0AHlE2am",
          "width": 500,
          "height": 500,
          "url": "https://dl.airtable.com/.attachments/7e53d0c57443fac76e7e7c4147c59cf9/39efb4a2/d11187.png?ts=1654586294&userId=usrF6kLgBaja75CMj&cs=23cf73002f6851b2",
          "filename": "d11187.png",
          "size": 24032,
          "type": "image/png",
          "thumbnails": {
            "small": {
              "url": "https://dl.airtable.com/.attachmentThumbnails/eb45165d73b14f17f35601f3784c82ff/672490ad?ts=1654586294&userId=usrF6kLgBaja75CMj&cs=a268b5973a576e16",
              "width": 36,
              "height": 36
            },
            "large": {
              "url": "https://dl.airtable.com/.attachmentThumbnails/c80a1353fb960b3b4f5d50cef7db44d2/748048ae?ts=1654586294&userId=usrF6kLgBaja75CMj&cs=2d70b132fc6cd96b",
              "width": 500,
              "height": 500
            },
            "full": {
              "url": "https://dl.airtable.com/.attachmentThumbnails/6eff41a48ad10a8f4317b5b2f7e1004d/5f813c70?ts=1654586294&userId=usrF6kLgBaja75CMj&cs=5a434d145557cab7",
              "width": 3000,
              "height": 3000
            }
          }
        },
        {
          "id": "attoKwAEJtvzCwptw",
          "width": 800,
          "height": 800,
          "url": "https://dl.airtable.com/.attachments/538c0a3460d718fe4f03057157b3dcd2/671892bd/logos_La_region_du_Gout-03.jpg?ts=1654586294&userId=usrF6kLgBaja75CMj&cs=de3de53fb24d53b7",
          "filename": "logos_La_region_du_Gout-03.jpg",
          "size": 70362,
          "type": "image/jpeg",
          "thumbnails": {
            "small": {
              "url": "https://dl.airtable.com/.attachmentThumbnails/8bff0a35a140aa729121c8945e557162/c2cc4f18?ts=1654586294&userId=usrF6kLgBaja75CMj&cs=07c896d2104836b4",
              "width": 36,
              "height": 36
            },
            "large": {
              "url": "https://dl.airtable.com/.attachmentThumbnails/d092e124784d864e793725619a1e03d9/8ee20993?ts=1654586294&userId=usrF6kLgBaja75CMj&cs=b2f409903db8ad95",
              "width": 512,
              "height": 512
            },
            "full": {
              "url": "https://dl.airtable.com/.attachmentThumbnails/105b2f2a871050bafcebb61822bab6b2/e20b74a8?ts=1654586294&userId=usrF6kLgBaja75CMj&cs=f92ea221c6f0040f",
              "width": 3000,
              "height": 3000
            }
          }
        }
      ],
      "Département (from FOURNISSEUR)": ["AIN"],
      "Code Postal (from FOURNISSEUR)": "01390",
      "Ville (from FOURNISSEUR)": " SAINT ANDRE DE CORCY",
      "STOCK DISPO (from Passerelle Stock vers BDD Produits/Producteurs)": "15",
      "Import CSV Shopify": "FR01.0023.00532",
      "Localisation (from FOURNISSEUR)": "01390 -  SAINT ANDRE DE CORCY - AIN"
    },
    "name": "Rillettes de Carpe de la Dombes au citron",
    "weight": "bocal verre 90 g",
    "price": "2.60",
    "pricePerKg": "28.89",
    "stock": "En stock",
    "picture": "https://dl.airtable.com/.attachments/a2d07c9369db9276ec548b141311c07c/d4eb4f03/Capture_d_cran_2021-11-30_164640_citron-removebg-preview.png?ts=1654586294&userId=usrF6kLgBaja75CMj&cs=b075b4471ba20b98"
  },
  {
    "id": "rec5q2CtW6L0KqQ9I",
    "info": {
      "Code Produit QotQot": "FR63.0222.01422",
      "FOURNISSEUR": "CLAC!",
      "Produit": "Velouté de tomate au thym",
      "Catégorie": ["Épicerie salée"],
      "Type": ["Soupes/Veloutés/Gaspachos"],
      "Spécificité": "Soupes/Veloutés/Gaspachos",
      "Statut": "Référencé",
      "Dispo": "En stock",
      "Prix d'achat unitaire €HT": 3.45,
      "Descriptif Produit": "Ce velouté du soleil, à base de tomates et parsemé de thym viendra égayer vos soirées d'été comme celles d'hiver.\n\nUne soupe riche en saveurs et en couleurs avec de fortes valeurs : bio, local et artisanal\n\nA consommer froid ou chaud, sa texture épaisse permet de dresser vos verrines pour des apéros ou des entrées qui CLAC !",
      "Image produits sans fond": [
        {
          "id": "atthd0xDrGueFUPWY",
          "width": 495,
          "height": 504,
          "url": "https://dl.airtable.com/.attachments/a7facba50c5037a04050d3b5b032de11/09fa46a8/veloute-tomates-au-thym-removebg-preview.png?ts=1654586294&userId=usrF6kLgBaja75CMj&cs=efd5cc214192df32",
          "filename": "veloute-tomates-au-thym-removebg-preview.png",
          "size": 118410,
          "type": "image/png",
          "thumbnails": {
            "small": {
              "url": "https://dl.airtable.com/.attachmentThumbnails/d626f5224b59b695a08621308d570e9e/c136e439?ts=1654586294&userId=usrF6kLgBaja75CMj&cs=5c69caa883db0d15",
              "width": 35,
              "height": 36
            },
            "large": {
              "url": "https://dl.airtable.com/.attachmentThumbnails/999131b788171662e6c72aee6b27348d/89fe215f?ts=1654586294&userId=usrF6kLgBaja75CMj&cs=05f79ac5c4e1742e",
              "width": 495,
              "height": 504
            },
            "full": {
              "url": "https://dl.airtable.com/.attachmentThumbnails/e784aaa1d7c48dad1b7f1f7f9331ee39/e82b15c9?ts=1654586294&userId=usrF6kLgBaja75CMj&cs=0a7123556e40fa8b",
              "width": 3000,
              "height": 3000
            }
          }
        }
      ],
      "EAN 13": { "text": "3770009413602" },
      "SIQO": ["BIO"],
      "DDM (mois)": 24,
      "UVC - Conditionnement": "bocal verre",
      "UVC - Poids/vol": 480,
      "UVC - Unité": "g",
      "Prix d'achat kg/g/L €HT": 7.1875,
      "Unité d'achat(X*UV)": 9,
      "Tx TVA": 0.055,
      "Produit Particulier": true,
      "Tarif Particulier TTC": 5.8236,
      "numéro": 1422,
      "Code Fournisseur (from Fournisseurs)": "FR63.0222",
      "Département (from Coordonnées Sociétés)": ["PUY DE DÔME"],
      "Franco €": "€300",
      "DESIGNATION": "VELOUTÉ DE TOMATE AU THYM - BIO",
      "Conditionnement": "bocal verre 480 g",
      "Tarif Pro (HT)": 5.175000000000001,
      "Tarif Pro (HT) au Kg/L": 10.781250000000002,
      "Unité Vente": 1,
      "Tarif Particulier TTC Arrondi": 5.9,
      "LABEL": [
        {
          "id": "attdzLJnjcNd0rRmE",
          "width": 1335,
          "height": 606,
          "url": "https://dl.airtable.com/.attachments/0e9e633af4f109241b1f6cc70f2cb0bc/fe8d7a9e/Capture-2.png?ts=1654586294&userId=usrF6kLgBaja75CMj&cs=aea7a14f8a72c9bc",
          "filename": "Capture-2.png",
          "size": 105113,
          "type": "image/png",
          "thumbnails": {
            "small": {
              "url": "https://dl.airtable.com/.attachmentThumbnails/5e394e47a9ef364059f4dd554b2473c3/1cd419bf?ts=1654586294&userId=usrF6kLgBaja75CMj&cs=2215178bbd0704ff",
              "width": 79,
              "height": 36
            },
            "large": {
              "url": "https://dl.airtable.com/.attachmentThumbnails/e8ae48781a550c1899f42cc102006df4/47cf57c9?ts=1654586294&userId=usrF6kLgBaja75CMj&cs=0f384d2befc8856f",
              "width": 1128,
              "height": 512
            },
            "full": {
              "url": "https://dl.airtable.com/.attachmentThumbnails/4b4f2305169a6254d9ae9f526c9dedef/b11e2141?ts=1654586294&userId=usrF6kLgBaja75CMj&cs=12316e7ecbc90f2c",
              "width": 3000,
              "height": 3000
            }
          }
        }
      ],
      "Image produits avec fond": [
        {
          "id": "atthd0xDrGueFUPWY",
          "width": 495,
          "height": 504,
          "url": "https://dl.airtable.com/.attachments/a7facba50c5037a04050d3b5b032de11/09fa46a8/veloute-tomates-au-thym-removebg-preview.png?ts=1654586294&userId=usrF6kLgBaja75CMj&cs=efd5cc214192df32",
          "filename": "veloute-tomates-au-thym-removebg-preview.png",
          "size": 118410,
          "type": "image/png",
          "thumbnails": {
            "small": {
              "url": "https://dl.airtable.com/.attachmentThumbnails/d626f5224b59b695a08621308d570e9e/c136e439?ts=1654586294&userId=usrF6kLgBaja75CMj&cs=5c69caa883db0d15",
              "width": 35,
              "height": 36
            },
            "large": {
              "url": "https://dl.airtable.com/.attachmentThumbnails/999131b788171662e6c72aee6b27348d/89fe215f?ts=1654586294&userId=usrF6kLgBaja75CMj&cs=05f79ac5c4e1742e",
              "width": 495,
              "height": 504
            },
            "full": {
              "url": "https://dl.airtable.com/.attachmentThumbnails/e784aaa1d7c48dad1b7f1f7f9331ee39/e82b15c9?ts=1654586294&userId=usrF6kLgBaja75CMj&cs=0a7123556e40fa8b",
              "width": 3000,
              "height": 3000
            }
          }
        }
      ],
      "Nom complet Produit pour formulaire de Mouvement de Stock": "bocal verre 480 g-VELOUTÉ DE TOMATE AU THYM - BIO//CLAC!//FR63.0222.01422",
      "Prix de vente € TTC conseillé": 5.5,
      "Prix de vente typeform € TTC": 5.9,
      "DESIGNATION TYPEFORM": "Velouté de tomate au thym - 480g - BIO // 5.90€",
      "Hypothèse 15% marge px pro": 6.423088235294117,
      "CATEGORIE/TYPE": "Épicerie salée>Soupes/Veloutés/Gaspachos",
      "Condi.": "bocal verre\n480 g",
      "Disponibilité": "En stock",
      "PRODUCTEUR": "CLAC!",
      "Spécificités": "Soupes/Veloutés/Gaspachos",
      "Commande Fournisseurs": "FR63.0222-08/03/2022",
      "Désignation Produit": "VELOUTÉ DE TOMATE AU THYM - BIO - bocal verre 480 g",
      "Désignation Produit 1 ligne": "VELOUTÉ DE TOMATE AU THYM - BIO - bocal verre 480 g",
      "Unité de vente détaillée": "1 X 480 g",
      "Délais d'appro (jours) (from FOURNISSEUR)": "6",
      "Nom de la Société (from FOURNISSEUR)": "CLAC!",
      "Descriptif Producteur (from FOURNISSEUR)": "Fondée en juillet 2017, CLAC, la Conserverie Locale Artisanale & Créative, imagine et fabrique des tartinables apéritifs à partir d'ingrédients bio & locaux. Nous travaillons avec une quinzaine de producteurs d'Auvergne pour vous offrir des goûts originaux 100% naturels. CLAC, c'est également des légumes cuisinés, des sauces et des soupes fabriqués avec coeur et passion dans notre atelier de Cournon d'Auvergne",
      "Photos Producteurs (from FOURNISSEUR)": [
        {
          "id": "att57lDlQ1Uf8uR6d",
          "width": 480,
          "height": 370,
          "url": "https://dl.airtable.com/.attachments/65f6e5b664a80fc264a63f947393d989/5572920a/julien_Anglade_518eecd7-fccb-433a-b4a1-37db1dbbe0a5_large.PNG?ts=1654586294&userId=usrF6kLgBaja75CMj&cs=c362bb2e91847096",
          "filename": "julien_Anglade_518eecd7-fccb-433a-b4a1-37db1dbbe0a5_large.PNG",
          "size": 277189,
          "type": "image/png",
          "thumbnails": {
            "small": {
              "url": "https://dl.airtable.com/.attachmentThumbnails/8622bbda081521db50632334635c4541/a78bc5c1?ts=1654586294&userId=usrF6kLgBaja75CMj&cs=723722741647c0d6",
              "width": 47,
              "height": 36
            },
            "large": {
              "url": "https://dl.airtable.com/.attachmentThumbnails/971526aafba7c228407ab0ec1523c864/0559e2c0?ts=1654586294&userId=usrF6kLgBaja75CMj&cs=3b686b1c31661aa7",
              "width": 480,
              "height": 370
            },
            "full": {
              "url": "https://dl.airtable.com/.attachmentThumbnails/98ab59b9f44b1fcd993d894af39996b5/bbccdbb1?ts=1654586294&userId=usrF6kLgBaja75CMj&cs=a9909762992aff14",
              "width": 3000,
              "height": 3000
            }
          }
        }
      ],
      "Label (from FOURNISSEUR)": ["AB"],
      "LABEL LOGO (from FOURNISSEUR)": [
        {
          "id": "atthdViQyZ14LUu8l",
          "width": 1335,
          "height": 606,
          "url": "https://dl.airtable.com/.attachments/0d38d4bd251d74a58a370972d36e2d16/bbd1e6dd/Capture-2.png?ts=1654586294&userId=usrF6kLgBaja75CMj&cs=5613e82b554bf6db",
          "filename": "Capture-2.png",
          "size": 105113,
          "type": "image/png",
          "thumbnails": {
            "small": {
              "url": "https://dl.airtable.com/.attachmentThumbnails/d29e6895f30966e9dd650c26d42c694c/528b8acc?ts=1654586294&userId=usrF6kLgBaja75CMj&cs=4a7960b96ffd4eb6",
              "width": 79,
              "height": 36
            },
            "large": {
              "url": "https://dl.airtable.com/.attachmentThumbnails/43bc2d03176c12b59a06a15126d895c5/2d781fa8?ts=1654586294&userId=usrF6kLgBaja75CMj&cs=2d8a117035c3edfd",
              "width": 1128,
              "height": 512
            },
            "full": {
              "url": "https://dl.airtable.com/.attachmentThumbnails/c10f50df2e56d08c78870d0f258cabc7/c7210777?ts=1654586294&userId=usrF6kLgBaja75CMj&cs=bd975310d2340565",
              "width": 3000,
              "height": 3000
            }
          }
        }
      ],
      "Département (from FOURNISSEUR)": ["PUY DE DÔME"],
      "Code Postal (from FOURNISSEUR)": "63800",
      "Ville (from FOURNISSEUR)": "COURNON D'AUVERGNE",
      "STOCK DISPO (from Passerelle Stock vers BDD Produits/Producteurs)": "3",
      "Import CSV Shopify": "FR63.0222.01422",
      "Localisation (from FOURNISSEUR)": "63800 - COURNON D'AUVERGNE - PUY DE DÔME"
    },
    "name": "Velouté de tomate au thym",
    "weight": "bocal verre 480 g",
    "price": "3.45",
    "pricePerKg": "7.19",
    "stock": "En stock",
    "picture": "https://dl.airtable.com/.attachments/a7facba50c5037a04050d3b5b032de11/09fa46a8/veloute-tomates-au-thym-removebg-preview.png?ts=1654586294&userId=usrF6kLgBaja75CMj&cs=efd5cc214192df32"
  },
  {
    "id": "rec5ruVnzy6zI8aQa",
    "info": {
      "Code Produit QotQot": "FR69.0025.00560",
      "FOURNISSEUR": "Madivin",
      "Produit": "Thibault - Blanc - Mâcon village - 2019",
      "Catégorie": ["Boissons Alcoolisés"],
      "Type": ["Vins"],
      "Spécificité": "Blanc",
      "Statut": "Référencé",
      "Dispo": "En stock",
      "Prix d'achat unitaire €HT": 7.4,
      "Descriptif Produit": "Blanc minéral et gourmand : 100% Chardonnay\nCouvert végétal et labours, vendange mécanique, pressurage doux et vinification classique en cuve inox. Elevage 9 mois sur lies.\nLe vin blanc bio que nous faisons avec Thibault dévoile de puissants arômes de fruits frais, de fleurs. Il a aussi des notes miellées. Ce qui ressort aussi, c’est le caractère minéral qu’offre le terroir sur ce vin. Cette élégante sensation de salinité qu’on ne retrouve pas partout, loin de là.",
      "Image produits sans fond": [
        {
          "id": "attLuvMmkCRugRZnU",
          "width": 190,
          "height": 344,
          "url": "https://dl.airtable.com/.attachments/abceb2e37748bbd3c4b3f831e1793aaa/f4d4fa65/Thibault.png?ts=1654586294&userId=usrF6kLgBaja75CMj&cs=c3acb3208e86622b",
          "filename": "Thibault.png",
          "size": 56205,
          "type": "image/png",
          "thumbnails": {
            "small": {
              "url": "https://dl.airtable.com/.attachmentThumbnails/b5c1c1f1ac93ffbc70a7ae22283c8c48/a1ce5dc1?ts=1654586294&userId=usrF6kLgBaja75CMj&cs=d38d16b91b7e315d",
              "width": 20,
              "height": 36
            },
            "large": {
              "url": "https://dl.airtable.com/.attachmentThumbnails/35e085d3097eb21405146b877acc9641/6e7d2d10?ts=1654586294&userId=usrF6kLgBaja75CMj&cs=00b6fbb1a9694222",
              "width": 190,
              "height": 344
            },
            "full": {
              "url": "https://dl.airtable.com/.attachmentThumbnails/bacd4f6f774908ffd2bd4aa8f34d38cb/daa86f5b?ts=1654586294&userId=usrF6kLgBaja75CMj&cs=36513b6768088f3b",
              "width": 3000,
              "height": 3000
            }
          }
        }
      ],
      "SIQO": ["BIO"],
      "UVC - Conditionnement": "bouteille verre",
      "UVC - Poids/vol": 0.75,
      "UVC - Unité": "L",
      "Prix d'achat kg/g/L €HT": 9.866666666666667,
      "Unité d'achat(X*UV)": 6,
      "Tx TVA": 0.2,
      "Produit Pro": true,
      "Produit Particulier": true,
      "Tarif Particulier TTC": 14.208000000000002,
      "numéro": 560,
      "Code Fournisseur (from Fournisseurs)": "FR69.0025",
      "Département (from Coordonnées Sociétés)": ["RHÔNE"],
      "DESIGNATION": "THIBAULT - BLANC - MÂCON VILLAGE - 2019 - BIO",
      "Conditionnement": "bouteille verre 0.75 L",
      "Tarif Pro (HT)": 11.100000000000001,
      "Tarif Pro (HT) au Kg/L": 14.800000000000002,
      "Unité Vente": 6,
      "Tarif Particulier TTC Arrondi": 14.3,
      "LABEL": [
        {
          "id": "attdzLJnjcNd0rRmE",
          "width": 1335,
          "height": 606,
          "url": "https://dl.airtable.com/.attachments/0e9e633af4f109241b1f6cc70f2cb0bc/fe8d7a9e/Capture-2.png?ts=1654586294&userId=usrF6kLgBaja75CMj&cs=aea7a14f8a72c9bc",
          "filename": "Capture-2.png",
          "size": 105113,
          "type": "image/png",
          "thumbnails": {
            "small": {
              "url": "https://dl.airtable.com/.attachmentThumbnails/5e394e47a9ef364059f4dd554b2473c3/1cd419bf?ts=1654586294&userId=usrF6kLgBaja75CMj&cs=2215178bbd0704ff",
              "width": 79,
              "height": 36
            },
            "large": {
              "url": "https://dl.airtable.com/.attachmentThumbnails/e8ae48781a550c1899f42cc102006df4/47cf57c9?ts=1654586294&userId=usrF6kLgBaja75CMj&cs=0f384d2befc8856f",
              "width": 1128,
              "height": 512
            },
            "full": {
              "url": "https://dl.airtable.com/.attachmentThumbnails/4b4f2305169a6254d9ae9f526c9dedef/b11e2141?ts=1654586294&userId=usrF6kLgBaja75CMj&cs=12316e7ecbc90f2c",
              "width": 3000,
              "height": 3000
            }
          }
        }
      ],
      "Image produits avec fond": [
        {
          "id": "attx3CRPyomechtv7",
          "width": 392,
          "height": 275,
          "url": "https://dl.airtable.com/.attachments/b049e3cf8d434e949c6836dc757a4606/70694590/Captureweb_13-12-2021_16357_madivin.fr.jpeg?ts=1654586294&userId=usrF6kLgBaja75CMj&cs=0fdaebee6d645fe5",
          "filename": "Capture web_13-12-2021_16357_madivin.fr.jpeg",
          "size": 40345,
          "type": "image/jpeg",
          "thumbnails": {
            "small": {
              "url": "https://dl.airtable.com/.attachmentThumbnails/5f75f290b0d32dbddc9851f1dc47ded9/37e18463?ts=1654586294&userId=usrF6kLgBaja75CMj&cs=2ca2035067ac57cf",
              "width": 51,
              "height": 36
            },
            "large": {
              "url": "https://dl.airtable.com/.attachmentThumbnails/cc4b9add4bbc6861127a205dcdeb2c67/0b520118?ts=1654586294&userId=usrF6kLgBaja75CMj&cs=ee5771af1bf48853",
              "width": 392,
              "height": 275
            },
            "full": {
              "url": "https://dl.airtable.com/.attachmentThumbnails/569d79dddfe88dc927e4b45a0436c7f7/afa744a3?ts=1654586294&userId=usrF6kLgBaja75CMj&cs=a879a5777260a92f",
              "width": 3000,
              "height": 3000
            }
          }
        }
      ],
      "Nom complet Produit pour formulaire de Mouvement de Stock": "bouteille verre 0.75 L-THIBAULT - BLANC - MÂCON VILLAGE - 2019 - BIO//Madivin//FR69.0025.00560",
      "Prix de vente € TTC conseillé": 12.9,
      "Prix de vente typeform € TTC": 12.3,
      "DESIGNATION TYPEFORM": "Thibault - Blanc - Mâcon village - 2019 - 0.75L - BIO // 12.30€",
      "Hypothèse 15% marge px pro": 15.670588235294119,
      "CATEGORIE/TYPE": "Boissons Alcoolisés>Vins",
      "Condi.": "bouteille verre\n0.75 L",
      "Disponibilité": "En stock",
      "PRODUCTEUR": "MADIVIN",
      "Spécificités": "Blanc",
      "Commande Fournisseurs": "FR69.0025-23/03/2022",
      "Désignation Produit": "THIBAULT - BLANC - MÂCON VILLAGE - 2019 - BIO - bouteille verre 0.75 L",
      "Désignation Produit 1 ligne": "THIBAULT - BLANC - MÂCON VILLAGE - 2019 - BIO - bouteille verre 0.75 L",
      "Unité de vente détaillée": "6 X 0.75 L",
      "Délais d'appro (jours) (from FOURNISSEUR)": "6",
      "Nom de la Société (from FOURNISSEUR)": "Madivin",
      "Descriptif Producteur (from FOURNISSEUR)": "Elle s’est imposée comme une évidence, cette volonté de présenter des gens. Brutalement. Plus que les terroirs et les appellations, ce sont les vignerons que nous décidons de raconter dans nos vins. Ces hommes et ces femmes, leur travail et leur singularité, c’est ça que nous défendons.",
      "Photos Producteurs (from FOURNISSEUR)": [
        {
          "id": "attLKxVhdqjFj90kf",
          "width": 305,
          "height": 212,
          "url": "https://dl.airtable.com/.attachments/7f90d076aa04714fd0772a8392eaac4b/b632b397/Thomas-Gautier-Madivin.png?ts=1654586294&userId=usrF6kLgBaja75CMj&cs=afd76fd51a206141",
          "filename": "Thomas-Gautier-Madivin.png",
          "size": 14202,
          "type": "image/png",
          "thumbnails": {
            "small": {
              "url": "https://dl.airtable.com/.attachmentThumbnails/17d528aaec32cbabc27326d088d347bd/2e41ec93?ts=1654586294&userId=usrF6kLgBaja75CMj&cs=aca770e3d148cfc8",
              "width": 52,
              "height": 36
            },
            "large": {
              "url": "https://dl.airtable.com/.attachmentThumbnails/3b2ec13c5a3030a26b74d60876a55f77/8839d902?ts=1654586294&userId=usrF6kLgBaja75CMj&cs=55f9b8773f03c9c5",
              "width": 305,
              "height": 212
            },
            "full": {
              "url": "https://dl.airtable.com/.attachmentThumbnails/1d1571d2a1208d3064fdb00ab50a86c3/c6d5be25?ts=1654586294&userId=usrF6kLgBaja75CMj&cs=ba06f5889fab53ce",
              "width": 3000,
              "height": 3000
            }
          }
        }
      ],
      "Label (from FOURNISSEUR)": ["AB"],
      "LABEL LOGO (from FOURNISSEUR)": [
        {
          "id": "atthdViQyZ14LUu8l",
          "width": 1335,
          "height": 606,
          "url": "https://dl.airtable.com/.attachments/0d38d4bd251d74a58a370972d36e2d16/bbd1e6dd/Capture-2.png?ts=1654586294&userId=usrF6kLgBaja75CMj&cs=5613e82b554bf6db",
          "filename": "Capture-2.png",
          "size": 105113,
          "type": "image/png",
          "thumbnails": {
            "small": {
              "url": "https://dl.airtable.com/.attachmentThumbnails/d29e6895f30966e9dd650c26d42c694c/528b8acc?ts=1654586294&userId=usrF6kLgBaja75CMj&cs=4a7960b96ffd4eb6",
              "width": 79,
              "height": 36
            },
            "large": {
              "url": "https://dl.airtable.com/.attachmentThumbnails/43bc2d03176c12b59a06a15126d895c5/2d781fa8?ts=1654586294&userId=usrF6kLgBaja75CMj&cs=2d8a117035c3edfd",
              "width": 1128,
              "height": 512
            },
            "full": {
              "url": "https://dl.airtable.com/.attachmentThumbnails/c10f50df2e56d08c78870d0f258cabc7/c7210777?ts=1654586294&userId=usrF6kLgBaja75CMj&cs=bd975310d2340565",
              "width": 3000,
              "height": 3000
            }
          }
        }
      ],
      "Département (from FOURNISSEUR)": ["RHÔNE"],
      "Code Postal (from FOURNISSEUR)": "69002",
      "Ville (from FOURNISSEUR)": "LYON",
      "STOCK DISPO (from Passerelle Stock vers BDD Produits/Producteurs)": "3",
      "Import CSV Shopify": "FR69.0025.00560",
      "Localisation (from FOURNISSEUR)": "69002 - LYON - RHÔNE"
    },
    "name": "Thibault - Blanc - Mâcon village - 2019",
    "weight": "bouteille verre 0.75 L",
    "price": "7.40",
    "pricePerKg": "9.87",
    "stock": "En stock",
    "picture": "https://dl.airtable.com/.attachments/abceb2e37748bbd3c4b3f831e1793aaa/f4d4fa65/Thibault.png?ts=1654586294&userId=usrF6kLgBaja75CMj&cs=c3acb3208e86622b"
  },
  {
    "id": "rec5tm8ZnHnVcKOol",
    "info": {
      "Code Produit QotQot": "FR01.0007.00719",
      "FOURNISSEUR": "Max Daumin",
      "Produit": "Fenouil (graines) / Foeniculum vulgare Mill. var. dulce",
      "Catégorie": ["Épicerie salée"],
      "Type": ["Epices"],
      "Spécificité": "Graines entières",
      "Statut": "Référencé",
      "Dispo": "En stock",
      "Prix d'achat unitaire €HT": 2.75,
      "Descriptif Produit": " Graines  -  Eure (France)",
      "UVC - Conditionnement": "sachet",
      "UVC - Poids/vol": 250,
      "UVC - Unité": "g",
      "Prix d'achat kg/g/L €HT": 11,
      "Unité d'achat(X*UV)": 1,
      "Tx TVA": 0.055,
      "Produit Pro": true,
      "Tarif Particulier TTC": 4.642,
      "Commentaires": "Existe aussi en format 500g, 1kg, 5kg, 10kg",
      "numéro": 719,
      "Code Fournisseur (from Fournisseurs)": "FR01.0007",
      "Département (from Coordonnées Sociétés)": ["AIN"],
      "Franco €": "€250",
      "DESIGNATION": "FENOUIL (GRAINES) / FOENICULUM VULGARE MILL. VAR. DULCE",
      "Conditionnement": "sachet 250 g",
      "Tarif Pro (HT)": 4.125,
      "Tarif Pro (HT) au Kg/L": 16.5,
      "Unité Vente": 1,
      "Tarif Particulier TTC Arrondi": 4.7,
      "Nom complet Produit pour formulaire de Mouvement de Stock": "sachet 250 g-FENOUIL (GRAINES) / FOENICULUM VULGARE MILL. VAR. DULCE//Max Daumin//FR01.0007.00719",
      "DESIGNATION TYPEFORM": "Fenouil (graines) / Foeniculum vulgare Mill. var. dulce - 250g -  // 0€",
      "Hypothèse 15% marge px pro": 5.119852941176471,
      "CATEGORIE/TYPE": "Épicerie salée>Epices",
      "Condi.": "sachet\n250 g",
      "Disponibilité": "En stock",
      "PRODUCTEUR": "MAX DAUMIN",
      "Spécificités": "Graines entières",
      "Désignation Produit": "FENOUIL (GRAINES) / FOENICULUM VULGARE MILL. VAR. DULCE - sachet 250 g",
      "Désignation Produit 1 ligne": "FENOUIL (GRAINES) / FOENICULUM VULGARE MILL. VAR. DULCE - sachet 250 g",
      "Unité de vente détaillée": "1 X 250 g",
      "Délais d'appro (jours) (from FOURNISSEUR)": "15",
      "Nom de la Société (from FOURNISSEUR)": "Max Daumin",
      "Descriptif Producteur (from FOURNISSEUR)": "Des épices de producteurs La maitrise de la qualité gustative des épices et poivres ne peut se faire que si l’on maitrise la récolte et qui plante vos épices. Max Daumin sélectionne ainsi des épices brutes, non moulues directement auprès de ses producteurs en France et dans le monde. Fabrication de nos packagings en Auvergne-Rhône-Alpes et mouture réalisée dans l'Ain.",
      "Photos Producteurs (from FOURNISSEUR)": [
        {
          "id": "attYAOOy5uOVlVR6S",
          "width": 2048,
          "height": 2048,
          "url": "https://dl.airtable.com/.attachments/64e33a9c190c59001abdb8f17b3633dd/ff897487/219894231_1444958569205856_6064492114380868409_n.jpg?ts=1654586294&userId=usrF6kLgBaja75CMj&cs=4f174d77651ec16f",
          "filename": "219894231_1444958569205856_6064492114380868409_n.jpg",
          "size": 1262576,
          "type": "image/jpeg",
          "thumbnails": {
            "small": {
              "url": "https://dl.airtable.com/.attachmentThumbnails/b432dfd0cdcdd317555e1cddf12365ee/ccdd2c2c?ts=1654586294&userId=usrF6kLgBaja75CMj&cs=eb97483b05c904ac",
              "width": 36,
              "height": 36
            },
            "large": {
              "url": "https://dl.airtable.com/.attachmentThumbnails/186d0dcefbef6a13df5925cadc565ab4/a16281cb?ts=1654586294&userId=usrF6kLgBaja75CMj&cs=5f4c7f34eff73003",
              "width": 512,
              "height": 512
            },
            "full": {
              "url": "https://dl.airtable.com/.attachmentThumbnails/133b79275186e894d892ab82f66dffab/4d10634d?ts=1654586294&userId=usrF6kLgBaja75CMj&cs=88fdfbd5960bb3bd",
              "width": 3000,
              "height": 3000
            }
          }
        }
      ],
      "Label (from FOURNISSEUR)": ["AB", "CCF"],
      "LABEL LOGO (from FOURNISSEUR)": [
        {
          "id": "attOjlB3OP92IAQLw",
          "width": 1335,
          "height": 606,
          "url": "https://dl.airtable.com/.attachments/bde3a9041e764a52284e9d7e724c6906/c4f70304/Capture-2.png?ts=1654586294&userId=usrF6kLgBaja75CMj&cs=7a13c35073f4693a",
          "filename": "Capture-2.png",
          "size": 105113,
          "type": "image/png",
          "thumbnails": {
            "small": {
              "url": "https://dl.airtable.com/.attachmentThumbnails/d610587c76107b1b40e5a9504a63a299/420fc780?ts=1654586294&userId=usrF6kLgBaja75CMj&cs=70b0e4f3e026dd6b",
              "width": 79,
              "height": 36
            },
            "large": {
              "url": "https://dl.airtable.com/.attachmentThumbnails/5e662ed8382bb04d74a88e0fd59474a4/1071aab4?ts=1654586294&userId=usrF6kLgBaja75CMj&cs=4b212cfb1743424b",
              "width": 1128,
              "height": 512
            },
            "full": {
              "url": "https://dl.airtable.com/.attachmentThumbnails/e515a39fdc1988e16ad042723ede9501/17bb594b?ts=1654586294&userId=usrF6kLgBaja75CMj&cs=694b54ee1f00f647",
              "width": 3000,
              "height": 3000
            }
          }
        },
        {
          "id": "attMuhgIz0i6EF3sO",
          "width": 562,
          "height": 796,
          "url": "https://dl.airtable.com/.attachments/ac55e066dc4c694c226bc7aa3603b3ff/31baf7ba/PAQ_LOGO_DTOUR.png?ts=1654586294&userId=usrF6kLgBaja75CMj&cs=688ef98d43b2fe07",
          "filename": "PAQ_LOGO_DÉTOURÉ.png",
          "size": 123333,
          "type": "image/png",
          "thumbnails": {
            "small": {
              "url": "https://dl.airtable.com/.attachmentThumbnails/e4ab024c3f5ae6d6703b12b21c377b2f/011e11ad?ts=1654586294&userId=usrF6kLgBaja75CMj&cs=7febad892daee4e2",
              "width": 25,
              "height": 36
            },
            "large": {
              "url": "https://dl.airtable.com/.attachmentThumbnails/e38099c48c3548fe4a91ffd6022b1f90/5617c169?ts=1654586294&userId=usrF6kLgBaja75CMj&cs=9b828de300ba475b",
              "width": 512,
              "height": 725
            },
            "full": {
              "url": "https://dl.airtable.com/.attachmentThumbnails/3c384b36e8ef6fad60696f0f487e36e2/7835c7a6?ts=1654586294&userId=usrF6kLgBaja75CMj&cs=62ac7cb5884e8b9a",
              "width": 3000,
              "height": 3000
            }
          }
        },
        {
          "id": "attIF8nQPkfYQg3PD",
          "width": 245,
          "height": 245,
          "url": "https://dl.airtable.com/.attachments/30a5ed2ed078555a4bcfe03684fb85eb/372ed40a/IGP_inao_image_block.png?ts=1654586294&userId=usrF6kLgBaja75CMj&cs=3d50c67929537429",
          "filename": "IGP_inao_image_block.png",
          "size": 240796,
          "type": "image/png",
          "thumbnails": {
            "small": {
              "url": "https://dl.airtable.com/.attachmentThumbnails/0333ed4b7a128b7d06619f73677c9d6f/8c5f0926?ts=1654586294&userId=usrF6kLgBaja75CMj&cs=3e62618ee4eec0b4",
              "width": 36,
              "height": 36
            },
            "large": {
              "url": "https://dl.airtable.com/.attachmentThumbnails/c4178b165dbce5f0be0c580da79693eb/c4b7af40?ts=1654586294&userId=usrF6kLgBaja75CMj&cs=2a27ff491dd65a43",
              "width": 245,
              "height": 245
            },
            "full": {
              "url": "https://dl.airtable.com/.attachmentThumbnails/a5071bafb6139fdd1692b3869089d1a7/2cb765ef?ts=1654586294&userId=usrF6kLgBaja75CMj&cs=581cc153ce14c337",
              "width": 3000,
              "height": 3000
            }
          }
        }
      ],
      "Département (from FOURNISSEUR)": ["AIN"],
      "Code Postal (from FOURNISSEUR)": "01450",
      "Ville (from FOURNISSEUR)": "LEYSSARD",
      "STOCK DISPO (from Passerelle Stock vers BDD Produits/Producteurs)": "1",
      "Localisation (from FOURNISSEUR)": "01450 - LEYSSARD - AIN"
    },
    "name": "Fenouil (graines) / Foeniculum vulgare Mill. var. dulce",
    "weight": "sachet 250 g",
    "price": "2.75",
    "pricePerKg": "11.00",
    "stock": "En stock"
  },
  {
    "id": "rec5une4nWAEjs9qu",
    "info": {
      "Code Produit QotQot": "FR07.0215.01345",
      "FOURNISSEUR": "Les Mignoteries",
      "Produit": "Gressins cumin et chèvre",
      "Catégorie": ["Épicerie salée"],
      "Type": ["Apéritif"],
      "Spécificité": "Biscuiterie",
      "Statut": "Référencé",
      "Dispo": "En stock",
      "Prix d'achat unitaire €HT": 3,
      "Image produits sans fond": [
        {
          "id": "attpEze9JexAHS7wV",
          "width": 300,
          "height": 300,
          "url": "https://dl.airtable.com/.attachments/a3434b4a21895c8bd6263d5475b83c75/5cd1c1be/mignot-file_1-715.jpg?ts=1654586294&userId=usrF6kLgBaja75CMj&cs=64b677474793968c",
          "filename": "mignot-file_1-715.jpg",
          "size": 88809,
          "type": "image/jpeg",
          "thumbnails": {
            "small": {
              "url": "https://dl.airtable.com/.attachmentThumbnails/7a0c52da307f5e501f52fc9177296fba/66c40f49?ts=1654586294&userId=usrF6kLgBaja75CMj&cs=c934312e9f38b838",
              "width": 36,
              "height": 36
            },
            "large": {
              "url": "https://dl.airtable.com/.attachmentThumbnails/ec4e2906bc8cf052f49f957dbb3835d3/82bf0523?ts=1654586294&userId=usrF6kLgBaja75CMj&cs=977d12e821153d22",
              "width": 300,
              "height": 300
            },
            "full": {
              "url": "https://dl.airtable.com/.attachmentThumbnails/a26c4c641204897e5627f5f3d0756736/df39a47d?ts=1654586294&userId=usrF6kLgBaja75CMj&cs=b831708ffe70d1ee",
              "width": 3000,
              "height": 3000
            }
          }
        }
      ],
      "DDM (mois)": 4,
      "UVC - Conditionnement": "sachet",
      "UVC - Poids/vol": 150,
      "UVC - Unité": "g",
      "Prix d'achat kg/g/L €HT": 20,
      "Unité d'achat(X*UV)": 10,
      "Tx TVA": 0.055,
      "Produit Pro": true,
      "Produit Particulier": true,
      "Tarif Particulier TTC": 5.064,
      "numéro": 1345,
      "Code Fournisseur (from Fournisseurs)": "FR07.0215",
      "Département (from Coordonnées Sociétés)": ["ARDECHE"],
      "Franco €": "€150",
      "DESIGNATION": "GRESSINS CUMIN ET CHÈVRE",
      "Conditionnement": "sachet 150 g",
      "Tarif Pro (HT)": 4.5,
      "Tarif Pro (HT) au Kg/L": 30,
      "Unité Vente": 1,
      "Tarif Particulier TTC Arrondi": 5.1000000000000005,
      "Image produits avec fond": [
        {
          "id": "attpEze9JexAHS7wV",
          "width": 300,
          "height": 300,
          "url": "https://dl.airtable.com/.attachments/a3434b4a21895c8bd6263d5475b83c75/5cd1c1be/mignot-file_1-715.jpg?ts=1654586294&userId=usrF6kLgBaja75CMj&cs=64b677474793968c",
          "filename": "mignot-file_1-715.jpg",
          "size": 88809,
          "type": "image/jpeg",
          "thumbnails": {
            "small": {
              "url": "https://dl.airtable.com/.attachmentThumbnails/7a0c52da307f5e501f52fc9177296fba/66c40f49?ts=1654586294&userId=usrF6kLgBaja75CMj&cs=c934312e9f38b838",
              "width": 36,
              "height": 36
            },
            "large": {
              "url": "https://dl.airtable.com/.attachmentThumbnails/ec4e2906bc8cf052f49f957dbb3835d3/82bf0523?ts=1654586294&userId=usrF6kLgBaja75CMj&cs=977d12e821153d22",
              "width": 300,
              "height": 300
            },
            "full": {
              "url": "https://dl.airtable.com/.attachmentThumbnails/a26c4c641204897e5627f5f3d0756736/df39a47d?ts=1654586294&userId=usrF6kLgBaja75CMj&cs=b831708ffe70d1ee",
              "width": 3000,
              "height": 3000
            }
          }
        }
      ],
      "Nom complet Produit pour formulaire de Mouvement de Stock": "sachet 150 g-GRESSINS CUMIN ET CHÈVRE//Les Mignoteries//FR07.0215.01345",
      "Prix de vente typeform € TTC": 4.9,
      "DESIGNATION TYPEFORM": "Gressins cumin et chèvre - 150g -  // 4.90€",
      "Hypothèse 15% marge px pro": 5.5852941176470585,
      "CATEGORIE/TYPE": "Épicerie salée>Apéritif",
      "Condi.": "sachet\n150 g",
      "Disponibilité": "En stock",
      "PRODUCTEUR": "LES MIGNOTERIES",
      "Spécificités": "Biscuiterie",
      "Commande Fournisseurs": "FR07.0215-11/02/2022",
      "Désignation Produit": "GRESSINS CUMIN ET CHÈVRE - sachet 150 g",
      "Désignation Produit 1 ligne": "GRESSINS CUMIN ET CHÈVRE - sachet 150 g",
      "Unité de vente détaillée": "1 X 150 g",
      "Délais d'appro (jours) (from FOURNISSEUR)": "21",
      "Nom de la Société (from FOURNISSEUR)": "Les Mignoteries",
      "Descriptif Producteur (from FOURNISSEUR)": "Les Mignoteries est une biscuiterie artisanale qui défend une approche gourmande et généreuse où le plus important reste le plaisir. Les éphémères Plaisir de déguster, mais également de découvrir. Pour cette raison, des offres éphèmères viennent compléter notre gamme de biscuits. Nous favorisons des produits locaux et n’ajoutons aucun additif industriel à nos biscuits. Les ingrédients sont hachés, zestés, rapés, torréfiés. Toutes les saveurs de nos biscuits sont entièrement naturelles.",
      "Photos Producteurs (from FOURNISSEUR)": [
        {
          "id": "attqwsE7MML5Lxh90",
          "width": 1000,
          "height": 950,
          "url": "https://dl.airtable.com/.attachments/5780ac06aea48b18aa9d49930166afc6/85cae671/title-1576680650.jpg?ts=1654586294&userId=usrF6kLgBaja75CMj&cs=ae2badaff0b46891",
          "filename": "title-1576680650.jpg",
          "size": 179712,
          "type": "image/jpeg",
          "thumbnails": {
            "small": {
              "url": "https://dl.airtable.com/.attachmentThumbnails/8ed41056b0f9421345c1f669bc2f6ce1/16601805?ts=1654586294&userId=usrF6kLgBaja75CMj&cs=db738a4c7f638534",
              "width": 38,
              "height": 36
            },
            "large": {
              "url": "https://dl.airtable.com/.attachmentThumbnails/2652093b497d905397ea0b0f4f16037e/9d9c8653?ts=1654586294&userId=usrF6kLgBaja75CMj&cs=22a8cec8a0996b88",
              "width": 539,
              "height": 512
            },
            "full": {
              "url": "https://dl.airtable.com/.attachmentThumbnails/d099d6f321d77790aafc329b96186a74/902c3fd4?ts=1654586294&userId=usrF6kLgBaja75CMj&cs=9779a66e09553ebf",
              "width": 3000,
              "height": 3000
            }
          }
        }
      ],
      "Département (from FOURNISSEUR)": ["ARDECHE"],
      "Code Postal (from FOURNISSEUR)": "07100",
      "Ville (from FOURNISSEUR)": " Saint-Marcel-lès-Annonay",
      "STOCK DISPO (from Passerelle Stock vers BDD Produits/Producteurs)": "1",
      "Import CSV Shopify": "FR07.0215.01345",
      "Localisation (from FOURNISSEUR)": "07100 -  SAINT-MARCEL-LÈS-ANNONAY - ARDECHE"
    },
    "name": "Gressins cumin et chèvre",
    "weight": "sachet 150 g",
    "price": "3.00",
    "pricePerKg": "20.00",
    "stock": "En stock",
    "picture": "https://dl.airtable.com/.attachments/a3434b4a21895c8bd6263d5475b83c75/5cd1c1be/mignot-file_1-715.jpg?ts=1654586294&userId=usrF6kLgBaja75CMj&cs=64b677474793968c"
  },
  {
    "id": "rec67LF7ahzycEtv1",
    "info": {
      "Code Produit QotQot": "FR73.0001.00216",
      "FOURNISSEUR": "Conserverie des Alpes",
      "Produit": "Tartinable Carotte & Gingembre",
      "Catégorie": ["Épicerie salée"],
      "Type": ["Tartinables"],
      "Spécificité": "Légumes",
      "Statut": "Référencé",
      "Dispo": "En rupture",
      "Prix d'achat unitaire €HT": 3.59,
      "Descriptif Produit": "Des carottes dynamisées par l’épice. Des gressins à tremper et à déguster par petites bouchées, pour accompagner une viande froide lors de vos pique nique. \nComposition:\nCarottes , huile d'olive extra vierge, oignons, gingembre ail, citron, sel de Guérande\n\nPoids net : 180g",
      "Image produits sans fond": [
        {
          "id": "att41cd9z9uEfm20Q",
          "width": 600,
          "height": 600,
          "url": "https://dl.airtable.com/.attachments/c763096145a53e343a555b27e63e7249/098cba2a/tartinablecarotte-gingembre-conserverie-des-alpes.jpg?ts=1654586294&userId=usrF6kLgBaja75CMj&cs=74ca17738bb19f43",
          "filename": "tartinablecarotte-gingembre-conserverie-des-alpes.jpg",
          "size": 48622,
          "type": "image/jpeg",
          "thumbnails": {
            "small": {
              "url": "https://dl.airtable.com/.attachmentThumbnails/eba8f31a250222d1aa7fa23ab52a88e7/86adee08?ts=1654586294&userId=usrF6kLgBaja75CMj&cs=e51db840b2b8bf07",
              "width": 36,
              "height": 36
            },
            "large": {
              "url": "https://dl.airtable.com/.attachmentThumbnails/4962c1b30ee95a15c91611fa32d44127/77236eaa?ts=1654586294&userId=usrF6kLgBaja75CMj&cs=acb3792bd55a6bd5",
              "width": 512,
              "height": 512
            },
            "full": {
              "url": "https://dl.airtable.com/.attachmentThumbnails/ac114b694a9b1923b7267e8a1cbabc9f/c638a0c4?ts=1654586294&userId=usrF6kLgBaja75CMj&cs=38541e9e56a04ac2",
              "width": 3000,
              "height": 3000
            }
          }
        }
      ],
      "EAN 13": { "text": "3770013202483" },
      "DDM (mois)": 36,
      "UVC - Conditionnement": "bocal verre",
      "UVC - Poids/vol": 180,
      "UVC - Unité": "g",
      "Prix d'achat kg/g/L €HT": 19.944444444444446,
      "Unité d'achat(X*UV)": 12,
      "Tx TVA": 0.055,
      "Produit Pro": true,
      "Produit Particulier": true,
      "Tarif Particulier TTC": 6.059919999999999,
      "numéro": 216,
      "Code Fournisseur (from Fournisseurs)": "FR73.0001",
      "Département (from Coordonnées Sociétés)": ["SAVOIE"],
      "Franco €": "€450",
      "DESIGNATION": "TARTINABLE CAROTTE & GINGEMBRE",
      "Conditionnement": "bocal verre 180 g",
      "Tarif Pro (HT)": 5.385,
      "Tarif Pro (HT) au Kg/L": 29.916666666666664,
      "Unité Vente": 1,
      "Tarif Particulier TTC Arrondi": 6.1000000000000005,
      "Image produits avec fond": [
        {
          "id": "attLcFih1StztSLX7",
          "width": 600,
          "height": 600,
          "url": "https://dl.airtable.com/.attachments/77d9f8fe805f0b02652a4ebae0d2364a/19a423ed/tartinablecarotte-gingembre-conserverie-des-alpes.jpg?ts=1654586294&userId=usrF6kLgBaja75CMj&cs=3089c9ef77c5b24b",
          "filename": "tartinablecarotte-gingembre-conserverie-des-alpes.jpg",
          "size": 48622,
          "type": "image/jpeg",
          "thumbnails": {
            "small": {
              "url": "https://dl.airtable.com/.attachmentThumbnails/e6b9b50b231f8c83b7c379c34003c47a/207418a4?ts=1654586294&userId=usrF6kLgBaja75CMj&cs=e073384d97d11337",
              "width": 36,
              "height": 36
            },
            "large": {
              "url": "https://dl.airtable.com/.attachmentThumbnails/c8cd98ed1be52489437f3a043207e457/5d88e541?ts=1654586294&userId=usrF6kLgBaja75CMj&cs=fa6151dc9f59076f",
              "width": 512,
              "height": 512
            },
            "full": {
              "url": "https://dl.airtable.com/.attachmentThumbnails/35c51952c0fad4d5aef804c0f21d505d/1c930df0?ts=1654586294&userId=usrF6kLgBaja75CMj&cs=75dd398f7aca0d68",
              "width": 3000,
              "height": 3000
            }
          }
        }
      ],
      "Nom complet Produit pour formulaire de Mouvement de Stock": "bocal verre 180 g-TARTINABLE CAROTTE & GINGEMBRE//Conserverie des Alpes//FR73.0001.00216",
      "Prix de vente € TTC conseillé": 5.9,
      "Prix de vente typeform € TTC": 6.7,
      "DESIGNATION TYPEFORM": "Tartinable Carotte & Gingembre - 180g -  // 6.70€",
      "Hypothèse 15% marge px pro": 6.683735294117646,
      "Idée Recette": "A consommer simplement avec des gressins à tremper et à déguster par petites bouchées.  Utiliser pour accompagner une viande froide lors de vos pique-nique.",
      "CATEGORIE/TYPE": "Épicerie salée>Tartinables",
      "Condi.": "bocal verre\n180 g",
      "Disponibilité": "En rupture",
      "PRODUCTEUR": "CONSERVERIE DES ALPES",
      "Spécificités": "Légumes",
      "Commande Fournisseurs": "FR73.0001-07/03/2022",
      "Désignation Produit": "TARTINABLE CAROTTE & GINGEMBRE - bocal verre 180 g",
      "Désignation Produit 1 ligne": "TARTINABLE CAROTTE & GINGEMBRE - bocal verre 180 g",
      "Unité de vente détaillée": "1 X 180 g",
      "Délais d'appro (jours) (from FOURNISSEUR)": "21",
      "Nom de la Société (from FOURNISSEUR)": "Conserverie des Alpes",
      "Descriptif Producteur (from FOURNISSEUR)": "Nous avons créé la Conserverie des Alpes avec l’ambition de vous apporter plaisirs gustatifs et convivialité. C’est pourquoi, jour après jour, dans notre atelier situé entre Chambery et Grenoble, nous cuisinons nos recettes avec des produits de qualité et dans la tradition . Nous privilégions la vente dans les magasins proches de chez-vous, mais comme nous ne pouvons être « devant l’autoclave et sur les routes « , ce site permet au plus grand nombre de découvrir nos produits. Parce que c’est bon d’être gourmands !",
      "Photos Producteurs (from FOURNISSEUR)": [
        {
          "id": "attjcF2CJtWLGkjEK",
          "width": 512,
          "height": 728,
          "url": "https://dl.airtable.com/.attachments/32b29f93de66665409977112ba217470/e38b3484/Createurs-CDA.jpg?ts=1654586294&userId=usrF6kLgBaja75CMj&cs=ee52e17ce7e2d33b",
          "filename": "Createurs-CDA.jpg",
          "size": 43813,
          "type": "image/jpeg",
          "thumbnails": {
            "small": {
              "url": "https://dl.airtable.com/.attachmentThumbnails/ed10470eb20d1d076185c8c8af8c5f45/78397610?ts=1654586294&userId=usrF6kLgBaja75CMj&cs=db881180be934211",
              "width": 25,
              "height": 36
            },
            "large": {
              "url": "https://dl.airtable.com/.attachmentThumbnails/44c4acd035b550bbf875ea8452bae033/efe31b06?ts=1654586294&userId=usrF6kLgBaja75CMj&cs=108131636cbd9af8",
              "width": 512,
              "height": 728
            },
            "full": {
              "url": "https://dl.airtable.com/.attachmentThumbnails/df1bf8335b9e56bdaed5b79d079fa35c/9ee4a76a?ts=1654586294&userId=usrF6kLgBaja75CMj&cs=1d96d85a461781a0",
              "width": 3000,
              "height": 3000
            }
          }
        }
      ],
      "Label (from FOURNISSEUR)": ["CCF", "La région du goût", "Artisan"],
      "LABEL LOGO (from FOURNISSEUR)": [
        {
          "id": "attcurDrdzv3WKzgX",
          "width": 300,
          "height": 425,
          "url": "https://dl.airtable.com/.attachments/10facc442036878f053ebf722b1343f6/2a15cee3/plaque-paq.png?ts=1654586294&userId=usrF6kLgBaja75CMj&cs=080b49b6a7ea772d",
          "filename": "plaque-paq.png",
          "size": 138645,
          "type": "image/png",
          "thumbnails": {
            "small": {
              "url": "https://dl.airtable.com/.attachmentThumbnails/38371e0c27d08b60b7aca3de929bcf3e/e0b6290c?ts=1654586294&userId=usrF6kLgBaja75CMj&cs=cebbfc385f1e5d77",
              "width": 25,
              "height": 36
            },
            "large": {
              "url": "https://dl.airtable.com/.attachmentThumbnails/b92f3ffee601e21d2439f0ae4fa81bb4/44090614?ts=1654586294&userId=usrF6kLgBaja75CMj&cs=149ca51a9ec96106",
              "width": 300,
              "height": 425
            },
            "full": {
              "url": "https://dl.airtable.com/.attachmentThumbnails/42abe8cd9a52bb00677ca947e8e9a8a5/00a1acb8?ts=1654586294&userId=usrF6kLgBaja75CMj&cs=cdebeaaf190cc367",
              "width": 3000,
              "height": 3000
            }
          }
        },
        {
          "id": "attoI3DHRMHpznywN",
          "width": 800,
          "height": 800,
          "url": "https://dl.airtable.com/.attachments/4a3bae4d1814fec4e2ffde387cfae864/e41f1169/logos_La_region_du_Gout-03.jpg?ts=1654586294&userId=usrF6kLgBaja75CMj&cs=4dc6d95a4ce079da",
          "filename": "logos_La_region_du_Gout-03.jpg",
          "size": 70362,
          "type": "image/jpeg",
          "thumbnails": {
            "small": {
              "url": "https://dl.airtable.com/.attachmentThumbnails/3da61959bea884f02da3cdce1fcad559/688c5670?ts=1654586294&userId=usrF6kLgBaja75CMj&cs=60033a06bfbd7bb3",
              "width": 36,
              "height": 36
            },
            "large": {
              "url": "https://dl.airtable.com/.attachmentThumbnails/751437f5a1d06e5f36486efc1724af78/fe52cc4d?ts=1654586294&userId=usrF6kLgBaja75CMj&cs=c5147a277ddd54c8",
              "width": 512,
              "height": 512
            },
            "full": {
              "url": "https://dl.airtable.com/.attachmentThumbnails/a2bcbbeedac491f72e167235b1dc60ca/750a3d80?ts=1654586294&userId=usrF6kLgBaja75CMj&cs=19671c8c51d3fbc9",
              "width": 3000,
              "height": 3000
            }
          }
        },
        {
          "id": "attSI3KuvyR9WvChA",
          "width": 820,
          "height": 527,
          "url": "https://dl.airtable.com/.attachments/af20cec29a0ddcc368c0355ce52e7e8a/12cde9a3/Artisan_Logo_Image_Handicraft_PNG_1271x817px_Artisan_Area_Art_...?ts=1654586294&userId=usrF6kLgBaja75CMj&cs=9b3483ea535204b5",
          "filename": "Artisan_Logo_Image_Handicraft_PNG_1271x817px_Artisan_Area_Art_...",
          "size": 45959,
          "type": "image/jpeg",
          "thumbnails": {
            "small": {
              "url": "https://dl.airtable.com/.attachmentThumbnails/b7ba114a701b90f3cd85ad2577cd9a01/328d53c9?ts=1654586294&userId=usrF6kLgBaja75CMj&cs=5fc3883162e2d7c0",
              "width": 56,
              "height": 36
            },
            "large": {
              "url": "https://dl.airtable.com/.attachmentThumbnails/13ecb8c937681cd9299eff7240b57ba0/435556c6?ts=1654586294&userId=usrF6kLgBaja75CMj&cs=75dee0e852932cb0",
              "width": 797,
              "height": 512
            },
            "full": {
              "url": "https://dl.airtable.com/.attachmentThumbnails/da825dab455a5dda70c6e43dd599ee46/890ebc41?ts=1654586294&userId=usrF6kLgBaja75CMj&cs=29d3c522557a6ecf",
              "width": 3000,
              "height": 3000
            }
          }
        }
      ],
      "Département (from FOURNISSEUR)": ["SAVOIE"],
      "Code Postal (from FOURNISSEUR)": "73230",
      "Ville (from FOURNISSEUR)": " VEREL PRAGONDRAN",
      "STOCK DISPO (from Passerelle Stock vers BDD Produits/Producteurs)": "0",
      "Import CSV Shopify": "FR73.0001.00216",
      "Localisation (from FOURNISSEUR)": "73230 -  VEREL PRAGONDRAN - SAVOIE"
    },
    "name": "Tartinable Carotte & Gingembre",
    "weight": "bocal verre 180 g",
    "price": "3.59",
    "pricePerKg": "19.94",
    "stock": "En rupture",
    "picture": "https://dl.airtable.com/.attachments/c763096145a53e343a555b27e63e7249/098cba2a/tartinablecarotte-gingembre-conserverie-des-alpes.jpg?ts=1654586294&userId=usrF6kLgBaja75CMj&cs=74ca17738bb19f43"
  },
  {
    "id": "rec6E9jx7cS2RemD3",
    "info": {
      "Code Produit QotQot": "FR26.0019.01302",
      "FOURNISSEUR": "Provence Alpes",
      "Produit": "Sauce Chili rouge Piment'ail",
      "Catégorie": ["Épicerie salée"],
      "Type": ["Sauces"],
      "Spécificité": "Piment'ail",
      "Statut": "Référencé",
      "Dispo": "En stock",
      "Prix d'achat unitaire €HT": 1.11,
      "Descriptif Produit": "Ingrédients:Chili rouge 40%, eau, vinaigre, ail 3,1%, sucre, sel, épaississant : gomme xanthane, conservateurs : acide sorbique et sorbate de potassium.\nAllergènes présents dans le produit: aucun",
      "Image produits sans fond": [
        {
          "id": "attkF6ye0N4N6LTkS",
          "width": 725,
          "height": 344,
          "url": "https://dl.airtable.com/.attachments/292c9b5beec9c6cbab0c1502993849c7/9a34b246/CHILI_ROUGE_PIMENT_AIL-removebg-preview.png?ts=1654586294&userId=usrF6kLgBaja75CMj&cs=c687017792bef9e9",
          "filename": "CHILI_ROUGE_PIMENT_AIL-removebg-preview.png",
          "size": 55344,
          "type": "image/png",
          "thumbnails": {
            "small": {
              "url": "https://dl.airtable.com/.attachmentThumbnails/048e6c7838b60c30e5e58f162dc22f87/9620fc17?ts=1654586294&userId=usrF6kLgBaja75CMj&cs=2096ad802ab90f35",
              "width": 76,
              "height": 36
            },
            "large": {
              "url": "https://dl.airtable.com/.attachmentThumbnails/8094cd3f16521bc568b608cdf0db9055/b820bded?ts=1654586294&userId=usrF6kLgBaja75CMj&cs=564e54fab5fc01cc",
              "width": 725,
              "height": 344
            },
            "full": {
              "url": "https://dl.airtable.com/.attachmentThumbnails/22bde13d9dbca6698c339208c5adcfdb/944f1e1c?ts=1654586294&userId=usrF6kLgBaja75CMj&cs=57a10a81d6d6dd16",
              "width": 3000,
              "height": 3000
            }
          }
        }
      ],
      "UVC - Conditionnement": "bouteille PET",
      "UVC - Poids/vol": 200,
      "UVC - Unité": "g",
      "Prix d'achat kg/g/L €HT": 5.55,
      "Unité d'achat(X*UV)": 12,
      "Tx TVA": 0.055,
      "Produit Pro": true,
      "Produit Particulier": true,
      "Tarif Particulier TTC": 1.8736800000000002,
      "numéro": 1302,
      "Code Fournisseur (from Fournisseurs)": "FR26.0019",
      "Département (from Coordonnées Sociétés)": ["DRÔME"],
      "DESIGNATION": "SAUCE CHILI ROUGE PIMENT'AIL",
      "Conditionnement": "bouteille PET 200 g",
      "Tarif Pro (HT)": 1.665,
      "Tarif Pro (HT) au Kg/L": 8.325000000000001,
      "Unité Vente": 1,
      "Tarif Particulier TTC Arrondi": 1.9000000000000001,
      "Image produits avec fond": [
        {
          "id": "attEjJfapSMV4Yv5e",
          "width": 1292,
          "height": 613,
          "url": "https://dl.airtable.com/.attachments/c3fa81f82cbdc482b76fb636ecee0ddb/dcc8f59a/CHILIROUGEPIMENTAIL.png?ts=1654586294&userId=usrF6kLgBaja75CMj&cs=11de122f65e813f1",
          "filename": "CHILI ROUGE PIMENT'AIL.png",
          "size": 143486,
          "type": "image/png",
          "thumbnails": {
            "small": {
              "url": "https://dl.airtable.com/.attachmentThumbnails/9ab29c2d9a00243bcd6535773b71038c/c936841b?ts=1654586294&userId=usrF6kLgBaja75CMj&cs=3e577e01a671edb0",
              "width": 76,
              "height": 36
            },
            "large": {
              "url": "https://dl.airtable.com/.attachmentThumbnails/1134e44598b776fd28361f2e17c05ccd/be06249b?ts=1654586294&userId=usrF6kLgBaja75CMj&cs=ccb2ed64c9bf8cd3",
              "width": 1079,
              "height": 512
            },
            "full": {
              "url": "https://dl.airtable.com/.attachmentThumbnails/3ef7731a509ec1549ecec3ea6cca29ad/0fedda01?ts=1654586294&userId=usrF6kLgBaja75CMj&cs=5a8b01a5a59ca73f",
              "width": 3000,
              "height": 3000
            }
          }
        }
      ],
      "Nom complet Produit pour formulaire de Mouvement de Stock": "bouteille PET 200 g-SAUCE CHILI ROUGE PIMENT'AIL//Provence Alpes//FR26.0019.01302",
      "Prix de vente typeform € TTC": 3.4,
      "DESIGNATION TYPEFORM": "Sauce Chili rouge Piment'ail - 200g -  // 3.40€",
      "Hypothèse 15% marge px pro": 2.066558823529412,
      "CATEGORIE/TYPE": "Épicerie salée>Sauces",
      "Condi.": "bouteille PET\n200 g",
      "Disponibilité": "En stock",
      "PRODUCTEUR": "PROVENCE ALPES",
      "Spécificités": "Piment'ail",
      "Désignation Produit": "SAUCE CHILI ROUGE PIMENT'AIL - bouteille PET 200 g",
      "Désignation Produit 1 ligne": "SAUCE CHILI ROUGE PIMENT'AIL - bouteille PET 200 g",
      "Unité de vente détaillée": "1 X 200 g",
      "Délais d'appro (jours) (from FOURNISSEUR)": "10",
      "Nom de la Société (from FOURNISSEUR)": "Provence Alpes",
      "Descriptif Producteur (from FOURNISSEUR)": "Provence Alpes   L’histoire de Provence Alpes débute avec Monsieur Claude DIEMOZ qui a œuvré au niveau national à la création de l’Institut ITEIPMAI. Également producteur de plantes aromatiques, il a créé la société GEL’PAM (1992), dont l’activité est la surgélation de plantes aromatiques cultivées en Drôme (premier département Français producteur de plantes aromatiques).  La société Provence Alpes est implantée au cœur de la Drôme depuis plus de 20 ans. Son objectif est d’élaborer les meilleures sauces et aides culinaires afin de satisfaire au mieux les exigences de ses clients. Ses produits sont réalisés à partir de matières premières, rigoureusement sélectionnées et en privilégiant les origines locales du premier département Français producteur de plantes aromatiques. La satisfaction des clients est une priorité pour Provence Alpes. Pour ce faire, l’entreprise fait preuve d’une grande réactivité face à la demande. Forte de son expérience en matière de création de recettes, la société Provence Alpes est à même de vous proposer une large gamme de produits. Elle peut vous aider à élaborer et fabriquer vos propres formules et à adapter des recettes à vos besoins.",
      "Photos Producteurs (from FOURNISSEUR)": [
        {
          "id": "attRVuNQ27ZQ1h630",
          "width": 450,
          "height": 332,
          "url": "https://dl.airtable.com/.attachments/71d722d4f2004abe534ec162be51abd2/cce3870b/CDIEMOZ.png?ts=1654586294&userId=usrF6kLgBaja75CMj&cs=d815af8bf708af02",
          "filename": "CDIEMOZ.png",
          "size": 333867,
          "type": "image/png",
          "thumbnails": {
            "small": {
              "url": "https://dl.airtable.com/.attachmentThumbnails/104b46b4147bd61450a405fbeef809b3/e94b27d9?ts=1654586294&userId=usrF6kLgBaja75CMj&cs=d09556c9e0d64dd3",
              "width": 49,
              "height": 36
            },
            "large": {
              "url": "https://dl.airtable.com/.attachmentThumbnails/ad310d2e471214c1c6d78c12cbb15657/ec767575?ts=1654586294&userId=usrF6kLgBaja75CMj&cs=0a89f85a99730bc2",
              "width": 450,
              "height": 332
            },
            "full": {
              "url": "https://dl.airtable.com/.attachmentThumbnails/720280978ef0b142a25e24a3d7ddd97d/d83adc28?ts=1654586294&userId=usrF6kLgBaja75CMj&cs=d50b9fb9662c7558",
              "width": 3000,
              "height": 3000
            }
          }
        }
      ],
      "Label (from FOURNISSEUR)": ["AB"],
      "LABEL LOGO (from FOURNISSEUR)": [
        {
          "id": "atthdViQyZ14LUu8l",
          "width": 1335,
          "height": 606,
          "url": "https://dl.airtable.com/.attachments/0d38d4bd251d74a58a370972d36e2d16/bbd1e6dd/Capture-2.png?ts=1654586294&userId=usrF6kLgBaja75CMj&cs=5613e82b554bf6db",
          "filename": "Capture-2.png",
          "size": 105113,
          "type": "image/png",
          "thumbnails": {
            "small": {
              "url": "https://dl.airtable.com/.attachmentThumbnails/d29e6895f30966e9dd650c26d42c694c/528b8acc?ts=1654586294&userId=usrF6kLgBaja75CMj&cs=4a7960b96ffd4eb6",
              "width": 79,
              "height": 36
            },
            "large": {
              "url": "https://dl.airtable.com/.attachmentThumbnails/43bc2d03176c12b59a06a15126d895c5/2d781fa8?ts=1654586294&userId=usrF6kLgBaja75CMj&cs=2d8a117035c3edfd",
              "width": 1128,
              "height": 512
            },
            "full": {
              "url": "https://dl.airtable.com/.attachmentThumbnails/c10f50df2e56d08c78870d0f258cabc7/c7210777?ts=1654586294&userId=usrF6kLgBaja75CMj&cs=bd975310d2340565",
              "width": 3000,
              "height": 3000
            }
          }
        }
      ],
      "Département (from FOURNISSEUR)": ["DRÔME"],
      "Code Postal (from FOURNISSEUR)": "26270",
      "Ville (from FOURNISSEUR)": "Saulce sur Rhône",
      "STOCK DISPO (from Passerelle Stock vers BDD Produits/Producteurs)": "8",
      "Import CSV Shopify": "FR26.0019.01302",
      "Localisation (from FOURNISSEUR)": "26270 - SAULCE SUR RHÔNE - DRÔME"
    },
    "name": "Sauce Chili rouge Piment'ail",
    "weight": "bouteille PET 200 g",
    "price": "1.11",
    "pricePerKg": "5.55",
    "stock": "En stock",
    "picture": "https://dl.airtable.com/.attachments/292c9b5beec9c6cbab0c1502993849c7/9a34b246/CHILI_ROUGE_PIMENT_AIL-removebg-preview.png?ts=1654586294&userId=usrF6kLgBaja75CMj&cs=c687017792bef9e9"
  },
  {
    "id": "rec6gU8Eea1mvNmWQ",
    "info": {
      "Code Produit QotQot": "FR73.0001.01338",
      "FOURNISSEUR": "Conserverie des Alpes",
      "Produit": "Pâté au Beaufort",
      "Catégorie": ["Charcuteries et salaisons"],
      "Type": ["Terrines"],
      "Spécificité": "Terrines",
      "Statut": "A voir V2",
      "Dispo": "Nous consulter",
      "Prix d'achat unitaire €HT": 2.75,
      "EAN 13": { "text": "3 770 013 202 575" },
      "DDM (mois)": 36,
      "UVC - Conditionnement": "bocal verre",
      "UVC - Poids/vol": 100,
      "UVC - Unité": "g",
      "Prix d'achat kg/g/L €HT": 27.5,
      "Unité d'achat(X*UV)": 12,
      "Tx TVA": 0.055,
      "Produit Pro": true,
      "Produit Particulier": true,
      "Tarif Particulier TTC": 4.642,
      "numéro": 1338,
      "Code Fournisseur (from Fournisseurs)": "FR73.0001",
      "Département (from Coordonnées Sociétés)": ["SAVOIE"],
      "Franco €": "€450",
      "DESIGNATION": "PÂTÉ AU BEAUFORT",
      "Conditionnement": "bocal verre 100 g",
      "Tarif Pro (HT)": 4.125,
      "Tarif Pro (HT) au Kg/L": 41.25,
      "Unité Vente": 1,
      "Tarif Particulier TTC Arrondi": 4.7,
      "Nom complet Produit pour formulaire de Mouvement de Stock": "bocal verre 100 g-PÂTÉ AU BEAUFORT//Conserverie des Alpes//FR73.0001.01338",
      "Prix de vente € TTC conseillé": 4.5,
      "Prix de vente typeform € TTC": 5.5,
      "DESIGNATION TYPEFORM": "Pâté au Beaufort - 100g -  // 5.50€",
      "Hypothèse 15% marge px pro": 5.119852941176471,
      "CATEGORIE/TYPE": "Charcuteries et salaisons>Terrines",
      "Condi.": "bocal verre\n100 g",
      "Disponibilité": "Nous consulter",
      "PRODUCTEUR": "CONSERVERIE DES ALPES",
      "Spécificités": "Terrines",
      "Désignation Produit": "PÂTÉ AU BEAUFORT - bocal verre 100 g",
      "Désignation Produit 1 ligne": "PÂTÉ AU BEAUFORT - bocal verre 100 g",
      "Unité de vente détaillée": "1 X 100 g",
      "Délais d'appro (jours) (from FOURNISSEUR)": "21",
      "Nom de la Société (from FOURNISSEUR)": "Conserverie des Alpes",
      "Descriptif Producteur (from FOURNISSEUR)": "Nous avons créé la Conserverie des Alpes avec l’ambition de vous apporter plaisirs gustatifs et convivialité. C’est pourquoi, jour après jour, dans notre atelier situé entre Chambery et Grenoble, nous cuisinons nos recettes avec des produits de qualité et dans la tradition . Nous privilégions la vente dans les magasins proches de chez-vous, mais comme nous ne pouvons être « devant l’autoclave et sur les routes « , ce site permet au plus grand nombre de découvrir nos produits. Parce que c’est bon d’être gourmands !",
      "Photos Producteurs (from FOURNISSEUR)": [
        {
          "id": "attjcF2CJtWLGkjEK",
          "width": 512,
          "height": 728,
          "url": "https://dl.airtable.com/.attachments/32b29f93de66665409977112ba217470/e38b3484/Createurs-CDA.jpg?ts=1654586294&userId=usrF6kLgBaja75CMj&cs=ee52e17ce7e2d33b",
          "filename": "Createurs-CDA.jpg",
          "size": 43813,
          "type": "image/jpeg",
          "thumbnails": {
            "small": {
              "url": "https://dl.airtable.com/.attachmentThumbnails/ed10470eb20d1d076185c8c8af8c5f45/78397610?ts=1654586294&userId=usrF6kLgBaja75CMj&cs=db881180be934211",
              "width": 25,
              "height": 36
            },
            "large": {
              "url": "https://dl.airtable.com/.attachmentThumbnails/44c4acd035b550bbf875ea8452bae033/efe31b06?ts=1654586294&userId=usrF6kLgBaja75CMj&cs=108131636cbd9af8",
              "width": 512,
              "height": 728
            },
            "full": {
              "url": "https://dl.airtable.com/.attachmentThumbnails/df1bf8335b9e56bdaed5b79d079fa35c/9ee4a76a?ts=1654586294&userId=usrF6kLgBaja75CMj&cs=1d96d85a461781a0",
              "width": 3000,
              "height": 3000
            }
          }
        }
      ],
      "Label (from FOURNISSEUR)": ["CCF", "La région du goût", "Artisan"],
      "LABEL LOGO (from FOURNISSEUR)": [
        {
          "id": "attcurDrdzv3WKzgX",
          "width": 300,
          "height": 425,
          "url": "https://dl.airtable.com/.attachments/10facc442036878f053ebf722b1343f6/2a15cee3/plaque-paq.png?ts=1654586294&userId=usrF6kLgBaja75CMj&cs=080b49b6a7ea772d",
          "filename": "plaque-paq.png",
          "size": 138645,
          "type": "image/png",
          "thumbnails": {
            "small": {
              "url": "https://dl.airtable.com/.attachmentThumbnails/38371e0c27d08b60b7aca3de929bcf3e/e0b6290c?ts=1654586294&userId=usrF6kLgBaja75CMj&cs=cebbfc385f1e5d77",
              "width": 25,
              "height": 36
            },
            "large": {
              "url": "https://dl.airtable.com/.attachmentThumbnails/b92f3ffee601e21d2439f0ae4fa81bb4/44090614?ts=1654586294&userId=usrF6kLgBaja75CMj&cs=149ca51a9ec96106",
              "width": 300,
              "height": 425
            },
            "full": {
              "url": "https://dl.airtable.com/.attachmentThumbnails/42abe8cd9a52bb00677ca947e8e9a8a5/00a1acb8?ts=1654586294&userId=usrF6kLgBaja75CMj&cs=cdebeaaf190cc367",
              "width": 3000,
              "height": 3000
            }
          }
        },
        {
          "id": "attoI3DHRMHpznywN",
          "width": 800,
          "height": 800,
          "url": "https://dl.airtable.com/.attachments/4a3bae4d1814fec4e2ffde387cfae864/e41f1169/logos_La_region_du_Gout-03.jpg?ts=1654586294&userId=usrF6kLgBaja75CMj&cs=4dc6d95a4ce079da",
          "filename": "logos_La_region_du_Gout-03.jpg",
          "size": 70362,
          "type": "image/jpeg",
          "thumbnails": {
            "small": {
              "url": "https://dl.airtable.com/.attachmentThumbnails/3da61959bea884f02da3cdce1fcad559/688c5670?ts=1654586294&userId=usrF6kLgBaja75CMj&cs=60033a06bfbd7bb3",
              "width": 36,
              "height": 36
            },
            "large": {
              "url": "https://dl.airtable.com/.attachmentThumbnails/751437f5a1d06e5f36486efc1724af78/fe52cc4d?ts=1654586294&userId=usrF6kLgBaja75CMj&cs=c5147a277ddd54c8",
              "width": 512,
              "height": 512
            },
            "full": {
              "url": "https://dl.airtable.com/.attachmentThumbnails/a2bcbbeedac491f72e167235b1dc60ca/750a3d80?ts=1654586294&userId=usrF6kLgBaja75CMj&cs=19671c8c51d3fbc9",
              "width": 3000,
              "height": 3000
            }
          }
        },
        {
          "id": "attSI3KuvyR9WvChA",
          "width": 820,
          "height": 527,
          "url": "https://dl.airtable.com/.attachments/af20cec29a0ddcc368c0355ce52e7e8a/12cde9a3/Artisan_Logo_Image_Handicraft_PNG_1271x817px_Artisan_Area_Art_...?ts=1654586294&userId=usrF6kLgBaja75CMj&cs=9b3483ea535204b5",
          "filename": "Artisan_Logo_Image_Handicraft_PNG_1271x817px_Artisan_Area_Art_...",
          "size": 45959,
          "type": "image/jpeg",
          "thumbnails": {
            "small": {
              "url": "https://dl.airtable.com/.attachmentThumbnails/b7ba114a701b90f3cd85ad2577cd9a01/328d53c9?ts=1654586294&userId=usrF6kLgBaja75CMj&cs=5fc3883162e2d7c0",
              "width": 56,
              "height": 36
            },
            "large": {
              "url": "https://dl.airtable.com/.attachmentThumbnails/13ecb8c937681cd9299eff7240b57ba0/435556c6?ts=1654586294&userId=usrF6kLgBaja75CMj&cs=75dee0e852932cb0",
              "width": 797,
              "height": 512
            },
            "full": {
              "url": "https://dl.airtable.com/.attachmentThumbnails/da825dab455a5dda70c6e43dd599ee46/890ebc41?ts=1654586294&userId=usrF6kLgBaja75CMj&cs=29d3c522557a6ecf",
              "width": 3000,
              "height": 3000
            }
          }
        }
      ],
      "Département (from FOURNISSEUR)": ["SAVOIE"],
      "Code Postal (from FOURNISSEUR)": "73230",
      "Ville (from FOURNISSEUR)": " VEREL PRAGONDRAN",
      "STOCK DISPO (from Passerelle Stock vers BDD Produits/Producteurs)": "1",
      "Localisation (from FOURNISSEUR)": "73230 -  VEREL PRAGONDRAN - SAVOIE"
    },
    "name": "Pâté au Beaufort",
    "weight": "bocal verre 100 g",
    "price": "2.75",
    "pricePerKg": "27.50",
    "stock": "Nous consulter"
  },
  {
    "id": "rec6mLhNeEGD2gQmN",
    "info": {
      "Code Produit QotQot": "FR42.0006.00119",
      "FOURNISSEUR": "Charles Chocolartisan",
      "Produit": "KLASSIK - Pâte à tartiner Lait-noisettes",
      "Catégorie": ["Épicerie sucrée"],
      "Type": ["Pâtes à tartiner"],
      "Spécificité": "Chocolat",
      "Statut": "Référencé",
      "Dispo": "En stock",
      "Prix d'achat unitaire €HT": 10.25,
      "Descriptif Produit": "Ingrédients : Un mélange d’huile de tournesol et beurre de cacao, du chocolat en poudre 24% (sucre, cacao), du sucre, des NOISETTES 13%, du LAIT écrémé en poudre. Un émulsifiant : de la lécithine de tournesol. Et de la vanille de Madagascar. \nLes valeurs nutritionnelles pour 100g : Energie 583 kcal (2424 kJ), Matières grasses 40g dont acides gras saturés 6,4g, Glucides 46g dont sucres 45g, Protéines 6,8g, Fibres 3,8g, Sel 0,09g. \n \nSans huile de palme, à tartiner sans modération.",
      "Image produits sans fond": [
        {
          "id": "att8SLhVIp8XkjJTX",
          "width": 500,
          "height": 500,
          "url": "https://dl.airtable.com/.attachments/60e780d1efc2cdfd25ab43b04db2c64e/b2ff802e/pate-a-tartiner-charles-chocolartisan-klasik-11-kg.png?ts=1654586294&userId=usrF6kLgBaja75CMj&cs=73b489055ed3c78e",
          "filename": "pate-a-tartiner-charles-chocolartisan-klasik-11-kg.png",
          "size": 179775,
          "type": "image/png",
          "thumbnails": {
            "small": {
              "url": "https://dl.airtable.com/.attachmentThumbnails/ca2d087a88bb2a67de1fb2100dd5b0f3/90fd3bab?ts=1654586294&userId=usrF6kLgBaja75CMj&cs=0b68077c573bb0fe",
              "width": 36,
              "height": 36
            },
            "large": {
              "url": "https://dl.airtable.com/.attachmentThumbnails/3e343d278ce37e047e93a5fa781ac61d/5a61e96b?ts=1654586294&userId=usrF6kLgBaja75CMj&cs=8d5ce386785bdf17",
              "width": 500,
              "height": 500
            },
            "full": {
              "url": "https://dl.airtable.com/.attachmentThumbnails/ca929e01559b3ee8fa44ac8183c23b1c/cc8cbec7?ts=1654586294&userId=usrF6kLgBaja75CMj&cs=fe1fad44b518f78d",
              "width": 3000,
              "height": 3000
            }
          }
        }
      ],
      "EAN 13": { "text": "3 700 774 300 449" },
      "DDM (mois)": 12,
      "UVC - Conditionnement": "Pot PET",
      "UVC - Poids/vol": 1.1,
      "UVC - Unité": "kg",
      "Prix d'achat kg/g/L €HT": 9.318181818181817,
      "Unité d'achat(X*UV)": 6,
      "Tx TVA": 0.055,
      "Produit Pro": true,
      "Tarif Particulier TTC": 17.302,
      "numéro": 119,
      "Code Fournisseur (from Fournisseurs)": "FR42.0006",
      "Département (from Coordonnées Sociétés)": ["LOIRE"],
      "Franco €": "€250",
      "DESIGNATION": "KLASSIK - PÂTE À TARTINER LAIT-NOISETTES",
      "Conditionnement": "Pot PET 1.1 kg",
      "Tarif Pro (HT)": 15.375,
      "Tarif Pro (HT) au Kg/L": 13.977272727272727,
      "Unité Vente": 1,
      "Tarif Particulier TTC Arrondi": 17.400000000000002,
      "Image produits avec fond": [
        {
          "id": "attiKGIEeNXgiRVut",
          "width": 500,
          "height": 500,
          "url": "https://dl.airtable.com/.attachments/6bf16265d0443ad00513ebc1d551f0d0/d67dea8c/pate-a-tartiner-charles-chocolartisan-klasik-11-kg.png?ts=1654586294&userId=usrF6kLgBaja75CMj&cs=813df19246a27a9e",
          "filename": "pate-a-tartiner-charles-chocolartisan-klasik-11-kg.png",
          "size": 179775,
          "type": "image/png",
          "thumbnails": {
            "small": {
              "url": "https://dl.airtable.com/.attachmentThumbnails/9c681fec2b76759f19b9f4b7b029081a/e173d2f2?ts=1654586294&userId=usrF6kLgBaja75CMj&cs=13850ffb82d02881",
              "width": 36,
              "height": 36
            },
            "large": {
              "url": "https://dl.airtable.com/.attachmentThumbnails/50cb8c72b1030cda5aeec91ee080eb4e/4b7b0679?ts=1654586294&userId=usrF6kLgBaja75CMj&cs=6bfb7de40e425e82",
              "width": 500,
              "height": 500
            },
            "full": {
              "url": "https://dl.airtable.com/.attachmentThumbnails/bf9f2fb380dc3321036f9e15057d87da/78cb736b?ts=1654586294&userId=usrF6kLgBaja75CMj&cs=6d4d9165044edec6",
              "width": 3000,
              "height": 3000
            }
          }
        }
      ],
      "Nom complet Produit pour formulaire de Mouvement de Stock": "Pot PET 1.1 kg-KLASSIK - PÂTE À TARTINER LAIT-NOISETTES//Charles Chocolartisan//FR42.0006.00119",
      "Prix de vente € TTC conseillé": 20.5,
      "DESIGNATION TYPEFORM": "KLASSIK - Pâte à tartiner Lait-noisettes - 1.1kg -  // 0€",
      "Hypothèse 15% marge px pro": 19.083088235294117,
      "CATEGORIE/TYPE": "Épicerie sucrée>Pâtes à tartiner",
      "Condi.": "Pot PET\n1.1 kg",
      "Disponibilité": "En stock",
      "PRODUCTEUR": "CHARLES CHOCOLARTISAN",
      "Spécificités": "Chocolat",
      "Désignation Produit": "KLASSIK - PÂTE À TARTINER LAIT-NOISETTES - Pot PET 1.1 kg",
      "Désignation Produit 1 ligne": "KLASSIK - PÂTE À TARTINER LAIT-NOISETTES - Pot PET 1.1 kg",
      "Unité de vente détaillée": "1 X 1.1 kg",
      "Délais d'appro (jours) (from FOURNISSEUR)": "10",
      "Nom de la Société (from FOURNISSEUR)": "Charles Chocolartisan",
      "Descriptif Producteur (from FOURNISSEUR)": "Pâtes à tartiner sans huile de palme.  - des produits trop bons à l'intérieur - avec des ingrédients naturels et de qualité - et un brin d'histoire aussi FABRICATION 100% FRANCAISE ! Le site de production Charles Chocolartisan se situe à Civens, un petit village du département de la Loire, non loin de Saint-Etienne et de Lyon. C’est ici que les plus grands secrets tartinés sont gardés ! Toutes les recettes sont fabriquées sur le territoire ligérien par les petites mains de nos écureuils, avec des matières premières issues de l'agriculture Française, lorsque cela est rendu possible bien sûr (plutôt complexe de cultiver le cacao dans son jardin).   BIENVEILLANCE ! C'est être bienveillant envers ceux et celles qui nous entourent et faire intervenir le plus possible les acteurs locaux. C'est aussi respecter l'environnement en utilisant seulement des produits sains et naturels. Enfin, être bienveillant c'est aussi prendre soin de TA santé, et celle de tous nos gourmands avec des pâtes à tartiner sans conservateur, sans arôme artificiel, sans additif chimique et SANS HUILE DE PALME. Roland CHARLES est chocolatier artisan depuis 2005. MAITRE ARTISAN",
      "Photos Producteurs (from FOURNISSEUR)": [
        {
          "id": "attlyCwSWsJVVaZIA",
          "width": 5184,
          "height": 3456,
          "url": "https://dl.airtable.com/.attachments/6eddd894aefe0270b2280f1454e78a73/f3e491d7/Made_In_Craft_spread?ts=1654586294&userId=usrF6kLgBaja75CMj&cs=c13819b84cfaff20",
          "filename": "Made_In_Craft_spread",
          "size": 2141430,
          "type": "image/jpeg",
          "thumbnails": {
            "small": {
              "url": "https://dl.airtable.com/.attachmentThumbnails/de6c90224f0151739c12abd7467357fd/c2bc654e?ts=1654586294&userId=usrF6kLgBaja75CMj&cs=96ce4f8bf32640fc",
              "width": 54,
              "height": 36
            },
            "large": {
              "url": "https://dl.airtable.com/.attachmentThumbnails/6bd8ecb64b9e96498a2fe1ee79e6f4d0/0b0c54db?ts=1654586294&userId=usrF6kLgBaja75CMj&cs=fcfa2d0146a5093e",
              "width": 768,
              "height": 512
            },
            "full": {
              "url": "https://dl.airtable.com/.attachmentThumbnails/ae7f4fdf8b25234b63bc4bec1298a6b9/646d8ec8?ts=1654586294&userId=usrF6kLgBaja75CMj&cs=4c70505f8b89b0b4",
              "width": 3000,
              "height": 3000
            }
          }
        }
      ],
      "Label (from FOURNISSEUR)": ["Maitre Artisan"],
      "LABEL LOGO (from FOURNISSEUR)": [
        {
          "id": "atteoANboPg1rt7qO",
          "width": 500,
          "height": 500,
          "url": "https://dl.airtable.com/.attachments/1666ef036bbf7ef0f736298627086a50/e835b947/d11187.png?ts=1654586294&userId=usrF6kLgBaja75CMj&cs=940682eef8138829",
          "filename": "d11187.png",
          "size": 24032,
          "type": "image/png",
          "thumbnails": {
            "small": {
              "url": "https://dl.airtable.com/.attachmentThumbnails/f4f7d5dbba88423af7f3d4db934f11bb/c318ffd2?ts=1654586294&userId=usrF6kLgBaja75CMj&cs=cc6c831b7b19ce6e",
              "width": 36,
              "height": 36
            },
            "large": {
              "url": "https://dl.airtable.com/.attachmentThumbnails/cc82b4b4a4afecd526f70be6b662d042/45f6edb2?ts=1654586294&userId=usrF6kLgBaja75CMj&cs=d98956868f0bdab5",
              "width": 500,
              "height": 500
            },
            "full": {
              "url": "https://dl.airtable.com/.attachmentThumbnails/e814e533d08305a5ca64aa5ee51b3c2c/8aa2f1a8?ts=1654586294&userId=usrF6kLgBaja75CMj&cs=5873acc6a6e85048",
              "width": 3000,
              "height": 3000
            }
          }
        }
      ],
      "Département (from FOURNISSEUR)": ["LOIRE"],
      "Code Postal (from FOURNISSEUR)": "42110",
      "Ville (from FOURNISSEUR)": "CIVENS",
      "STOCK DISPO (from Passerelle Stock vers BDD Produits/Producteurs)": "6",
      "Option 1": "Très Grand",
      "Localisation (from FOURNISSEUR)": "42110 - CIVENS - LOIRE"
    },
    "name": "KLASSIK - Pâte à tartiner Lait-noisettes",
    "weight": "Pot PET 1.1 kg",
    "price": "10.25",
    "pricePerKg": "9.32",
    "stock": "En stock",
    "picture": "https://dl.airtable.com/.attachments/60e780d1efc2cdfd25ab43b04db2c64e/b2ff802e/pate-a-tartiner-charles-chocolartisan-klasik-11-kg.png?ts=1654586294&userId=usrF6kLgBaja75CMj&cs=73b489055ed3c78e"
  },
  {
    "id": "rec7603H3GARFAmyd",
    "info": {
      "Code Produit QotQot": "FR69.0026.00030",
      "FOURNISSEUR": "Biscuits et Gourmandises",
      "Produit": "Cookies Praliné Amandes Chocolat",
      "Catégorie": ["Épicerie sucrée"],
      "Type": ["Biscuiterie"],
      "Spécificité": "Chocolat",
      "Statut": "Référencé",
      "Dispo": "En stock",
      "Prix d'achat unitaire €HT": 1.9,
      "Image produits sans fond": [
        {
          "id": "attQuUE7nLOO4ZuGi",
          "width": 408,
          "height": 612,
          "url": "https://dl.airtable.com/.attachments/3d1c454fcba5e30b956e880bdc920686/2ce5763d/cookieschocolats.png?ts=1654586294&userId=usrF6kLgBaja75CMj&cs=a3c762d42d731742",
          "filename": "cookies chocolats.png",
          "size": 185258,
          "type": "image/png",
          "thumbnails": {
            "small": {
              "url": "https://dl.airtable.com/.attachmentThumbnails/969772f1cfbbbbccea2d94446b2e0d5b/64bcce4d?ts=1654586294&userId=usrF6kLgBaja75CMj&cs=be2cd54fa178f76a",
              "width": 24,
              "height": 36
            },
            "large": {
              "url": "https://dl.airtable.com/.attachmentThumbnails/06f330080ea604106724f2850420eebc/ee30c9a8?ts=1654586294&userId=usrF6kLgBaja75CMj&cs=6972ac04be22da43",
              "width": 408,
              "height": 612
            },
            "full": {
              "url": "https://dl.airtable.com/.attachmentThumbnails/d887794078e4428475721d194c2600a5/d9b9a4b1?ts=1654586294&userId=usrF6kLgBaja75CMj&cs=1c13fe89d55a2a8d",
              "width": 3000,
              "height": 3000
            }
          }
        }
      ],
      "Référence Fournisseur": "A00",
      "UVC - Conditionnement": "sachet",
      "UVC - Poids/vol": 80,
      "UVC - Unité": "g",
      "Prix d'achat kg/g/L €HT": 23.75,
      "Unité d'achat(X*UV)": 1,
      "Tx TVA": 0.055,
      "Produit Pro": true,
      "Produit Particulier": true,
      "Tarif Particulier TTC": 3.2072,
      "numéro": 30,
      "Code Fournisseur (from Fournisseurs)": "FR69.0026",
      "Département (from Coordonnées Sociétés)": ["RHÔNE"],
      "DESIGNATION": "COOKIES PRALINÉ AMANDES CHOCOLAT",
      "Conditionnement": "sachet 80 g",
      "Tarif Pro (HT)": 2.8499999999999996,
      "Tarif Pro (HT) au Kg/L": 35.625,
      "Unité Vente": 1,
      "Tarif Particulier TTC Arrondi": 3.3000000000000003,
      "Image produits avec fond": [
        {
          "id": "attQuUE7nLOO4ZuGi",
          "width": 408,
          "height": 612,
          "url": "https://dl.airtable.com/.attachments/3d1c454fcba5e30b956e880bdc920686/2ce5763d/cookieschocolats.png?ts=1654586294&userId=usrF6kLgBaja75CMj&cs=a3c762d42d731742",
          "filename": "cookies chocolats.png",
          "size": 185258,
          "type": "image/png",
          "thumbnails": {
            "small": {
              "url": "https://dl.airtable.com/.attachmentThumbnails/969772f1cfbbbbccea2d94446b2e0d5b/64bcce4d?ts=1654586294&userId=usrF6kLgBaja75CMj&cs=be2cd54fa178f76a",
              "width": 24,
              "height": 36
            },
            "large": {
              "url": "https://dl.airtable.com/.attachmentThumbnails/06f330080ea604106724f2850420eebc/ee30c9a8?ts=1654586294&userId=usrF6kLgBaja75CMj&cs=6972ac04be22da43",
              "width": 408,
              "height": 612
            },
            "full": {
              "url": "https://dl.airtable.com/.attachmentThumbnails/d887794078e4428475721d194c2600a5/d9b9a4b1?ts=1654586294&userId=usrF6kLgBaja75CMj&cs=1c13fe89d55a2a8d",
              "width": 3000,
              "height": 3000
            }
          }
        }
      ],
      "Nom complet Produit pour formulaire de Mouvement de Stock": "sachet 80 g-COOKIES PRALINÉ AMANDES CHOCOLAT//Biscuits et Gourmandises//FR69.0026.00030",
      "Prix de vente typeform € TTC": 3.7,
      "DESIGNATION TYPEFORM": "Cookies Praliné Amandes Chocolat - 80g -  // 3.70€",
      "Hypothèse 15% marge px pro": 3.53735294117647,
      "CATEGORIE/TYPE": "Épicerie sucrée>Biscuiterie",
      "Condi.": "sachet\n80 g",
      "Disponibilité": "En stock",
      "PRODUCTEUR": "BISCUITS ET GOURMANDISES",
      "Spécificités": "Chocolat",
      "Commande Fournisseurs": "FR69.0026-10/03/2022",
      "Désignation Produit": "COOKIES PRALINÉ AMANDES CHOCOLAT - sachet 80 g",
      "Désignation Produit 1 ligne": "COOKIES PRALINÉ AMANDES CHOCOLAT - sachet 80 g",
      "Unité de vente détaillée": "1 X 80 g",
      "Délais d'appro (jours) (from FOURNISSEUR)": "3",
      "Nom de la Société (from FOURNISSEUR)": "Biscuits et Gourmandises",
      "Descriptif Producteur (from FOURNISSEUR)": "Artisans Biscuitiers 100% lyonnais.  Une production de biscuits sains commence par la sélection d’ingrédients de qualité sans colorant ni conservateurs issus de producteurs locaux. Des produits issus de producteurs choisis pour leur savoirs-faires. Toutefois, la qualité particulière des ingrédients ne constituait pas une condition suffisante. Il fallait, de surcroît, qu’ils proviennent de lieux de production situés à moins de 100 km de Lyon, ville où se situe notre atelier. En effet, dès le début de l’aventure, nous avons souhaité inscrire notre démarche dans une logique éco-responsable. Il n’est pas toujours évident d’ailleurs d’associer le local et la qualité, certains ingrédients étant totalement absents du paysage Rhône-alpin (le sucre par exemple, produit exclusivement au nord de la Loire mais aussi, des produits plus exotiques comme la vanille ou la fève de tonka). Au final, selon les recettes, 70 à 75% de nos ingrédients proviennent de producteurs ou fabricants situés à moins de 100 kms de notre atelier. Toujours côté ingrédients, nous avons fait le choix volontaire de n’intégrer aucun additif chimique, aucun conservateur ni aucun arôme artificiel. Nous avons également pris le parti de diminuer le sucre au maximum. En effet, il est souvent le point noir des biscuits les plus couramment vendus dans le commerce. Les ingrédients naturels utilisés suffisent à assurer des saveurs franches et durables. Côtés ingrédients, nous avons pris le temps de rencontrer de nombreux artisans, fabricants ou producteurs. ",
      "Photos Producteurs (from FOURNISSEUR)": [
        {
          "id": "attppXubGSnti3Sh3",
          "width": 1500,
          "height": 1200,
          "url": "https://dl.airtable.com/.attachments/8b61a199d9485a41ce7a427be690db5f/c0318fae/2018-07-03-ISARA-10-ans-incubateur-31.jpg?ts=1654586294&userId=usrF6kLgBaja75CMj&cs=bcfc5403ebf1098f",
          "filename": "2018-07-03-ISARA-10-ans-incubateur-31.jpg",
          "size": 219771,
          "type": "image/jpeg",
          "thumbnails": {
            "small": {
              "url": "https://dl.airtable.com/.attachmentThumbnails/78b73e49e2a653b0b0154fb76ae65be4/860f81ab?ts=1654586294&userId=usrF6kLgBaja75CMj&cs=fd2b05048d7300b5",
              "width": 45,
              "height": 36
            },
            "large": {
              "url": "https://dl.airtable.com/.attachmentThumbnails/afea340757642673ee04d662ad853210/86c2aff3?ts=1654586294&userId=usrF6kLgBaja75CMj&cs=2c3375c46a81f6eb",
              "width": 640,
              "height": 512
            },
            "full": {
              "url": "https://dl.airtable.com/.attachmentThumbnails/ee3e84d32a1e95b770f2fac17d2a617c/bdbf2e15?ts=1654586294&userId=usrF6kLgBaja75CMj&cs=8cb46eaca740dad2",
              "width": 3000,
              "height": 3000
            }
          }
        }
      ],
      "Département (from FOURNISSEUR)": ["RHÔNE"],
      "Code Postal (from FOURNISSEUR)": "69500",
      "Ville (from FOURNISSEUR)": "BRON",
      "STOCK DISPO (from Passerelle Stock vers BDD Produits/Producteurs)": "3",
      "Import CSV Shopify": "FR69.0026.00030",
      "Localisation (from FOURNISSEUR)": "69500 - BRON - RHÔNE"
    },
    "name": "Cookies Praliné Amandes Chocolat",
    "weight": "sachet 80 g",
    "price": "1.90",
    "pricePerKg": "23.75",
    "stock": "En stock",
    "picture": "https://dl.airtable.com/.attachments/3d1c454fcba5e30b956e880bdc920686/2ce5763d/cookieschocolats.png?ts=1654586294&userId=usrF6kLgBaja75CMj&cs=a3c762d42d731742"
  },
  {
    "id": "rec7NJXSAmzWi3QII",
    "info": {
      "Code Produit QotQot": "FR69.0011.00984",
      "FOURNISSEUR": "Venandi",
      "Produit": "Terrine de Sanglier piment d'Espelette",
      "Catégorie": ["Charcuteries et salaisons"],
      "Type": ["Terrines"],
      "Spécificité": "Sanglier",
      "Statut": "Référencé",
      "Dispo": "En stock",
      "Prix d'achat unitaire €HT": 3,
      "Descriptif Produit": "x",
      "Image produits sans fond": [
        {
          "id": "attd11rCrW2JHCEFl",
          "width": 577,
          "height": 433,
          "url": "https://dl.airtable.com/.attachments/7934a5a1feb2d36184d286114ac5b4f4/04cb1794/Terrine_sanglier-piment-scaled-removebg-preview.png?ts=1654586294&userId=usrF6kLgBaja75CMj&cs=452c7a99a65a5fe2",
          "filename": "Terrine_sanglier-piment-scaled-removebg-preview.png",
          "size": 98089,
          "type": "image/png",
          "thumbnails": {
            "small": {
              "url": "https://dl.airtable.com/.attachmentThumbnails/7db4701b8d603cc40a44c19b60142f1a/6b3b5afd?ts=1654586294&userId=usrF6kLgBaja75CMj&cs=57722d71f90c4e95",
              "width": 48,
              "height": 36
            },
            "large": {
              "url": "https://dl.airtable.com/.attachmentThumbnails/862754aa33ebb8bed2de325b5c18ed0f/6fe4ffd3?ts=1654586294&userId=usrF6kLgBaja75CMj&cs=3cc85369a9804646",
              "width": 577,
              "height": 433
            },
            "full": {
              "url": "https://dl.airtable.com/.attachmentThumbnails/8ac72492681cca64ec74499d35d3c5b7/23b89ca3?ts=1654586294&userId=usrF6kLgBaja75CMj&cs=096a0b910f347fff",
              "width": 3000,
              "height": 3000
            }
          }
        }
      ],
      "UVC - Conditionnement": "bocal verre",
      "UVC - Poids/vol": 100,
      "UVC - Unité": "g",
      "Prix d'achat kg/g/L €HT": 30,
      "Unité d'achat(X*UV)": 12,
      "Tx TVA": 0.055,
      "Produit Pro": true,
      "Produit Particulier": true,
      "Tarif Particulier TTC": 5.064,
      "numéro": 984,
      "Code Fournisseur (from Fournisseurs)": "FR69.0011",
      "Département (from Coordonnées Sociétés)": ["RHÔNE"],
      "DESIGNATION": "TERRINE DE SANGLIER PIMENT D'ESPELETTE",
      "Conditionnement": "bocal verre 100 g",
      "Tarif Pro (HT)": 4.5,
      "Tarif Pro (HT) au Kg/L": 45,
      "Unité Vente": 1,
      "Tarif Particulier TTC Arrondi": 5.1000000000000005,
      "Image produits avec fond": [
        {
          "id": "attvxO8Olt3hdgYGV",
          "width": 920,
          "height": 518,
          "url": "https://dl.airtable.com/.attachments/8734983b224580f59ea48938eef8c196/322f4ec9/sanglierpiment2-920x518.jpg?ts=1654586294&userId=usrF6kLgBaja75CMj&cs=df60db5608af7cc3",
          "filename": "sanglierpiment2-920x518.jpg",
          "size": 18931,
          "type": "image/jpeg",
          "thumbnails": {
            "small": {
              "url": "https://dl.airtable.com/.attachmentThumbnails/c4b8e7a7f8ddfd4cce3645ba336363ff/dac94743?ts=1654586294&userId=usrF6kLgBaja75CMj&cs=fbac8eb57a61825c",
              "width": 64,
              "height": 36
            },
            "large": {
              "url": "https://dl.airtable.com/.attachmentThumbnails/353fe3febc309e4ac9966bdc9bb38a98/997b1f03?ts=1654586294&userId=usrF6kLgBaja75CMj&cs=331f308b9fdbfb6a",
              "width": 909,
              "height": 512
            },
            "full": {
              "url": "https://dl.airtable.com/.attachmentThumbnails/38d082debe9943e674ecc19192041cf2/f5e7878c?ts=1654586294&userId=usrF6kLgBaja75CMj&cs=cdea968dbcbc146a",
              "width": 3000,
              "height": 3000
            }
          }
        }
      ],
      "Nom complet Produit pour formulaire de Mouvement de Stock": "bocal verre 100 g-TERRINE DE SANGLIER PIMENT D'ESPELETTE//Venandi//FR69.0011.00984",
      "Prix de vente € TTC conseillé": 6,
      "Prix de vente typeform € TTC": 5.9,
      "DESIGNATION TYPEFORM": "Terrine de Sanglier piment d'Espelette - 100g -  // 5.90€",
      "Hypothèse 15% marge px pro": 5.5852941176470585,
      "Idée Recette": "De façon très classique, vous pouvez déguster cette terrine avec un bon pain de campagne ou un toast grillé. Pour les plus gourmand, vous pouvez aussi ajouter une pointe de confit d’oignon qui se mariera à merveille! Pour un accord met/vin, un Côte de Provence avec une bonne base de grenache serait parfait.",
      "CATEGORIE/TYPE": "Charcuteries et salaisons>Terrines",
      "Condi.": "bocal verre\n100 g",
      "Disponibilité": "En stock",
      "PRODUCTEUR": "VENANDI",
      "Spécificités": "Sanglier",
      "Désignation Produit": "TERRINE DE SANGLIER PIMENT D'ESPELETTE - bocal verre 100 g",
      "Désignation Produit 1 ligne": "TERRINE DE SANGLIER PIMENT D'ESPELETTE - bocal verre 100 g",
      "Unité de vente détaillée": "1 X 100 g",
      "Délais d'appro (jours) (from FOURNISSEUR)": "10",
      "Nom de la Société (from FOURNISSEUR)": "Venandi",
      "Descriptif Producteur (from FOURNISSEUR)": "Mathieu & François : des amoureux de la nature et du goût Notre aventure, c’est d’abord celle de deux amis (Mathieu et François) qui ont eu l’envie de créer une aventure responsable, humaine et très gourmande autour de la viande sauvage. L’idée est de concocter des produits à base de viande de gibier pour le mettre sur le devant de la scène culinaire française (rien que ça) ! Après l’école, François rejoint Tilkee, une start-up de l’écosystème lyonnais qui cherche à développer l’efficacité des commerciaux grâce à un logiciel de tracking. Cette expérience lui permettra de faire ses premières armes sur ce marché en construction et apprend ainsi les aléas des petites entreprises. Sa devise : La qualité et la satisfaction des clients avant tout ! Mathieu de son côté, pas très copain avec les études, décide de se lancer dans le monde du bâtiment en créant son entreprise d’artisan peintre. Son activité lui apprend la débrouille et la gestion du terrain. Sa devise : Il n’y a pas de problème, que des solutions! C’est leur passion commune pour la nature et la pratique de la chasse durable qui les réunit et qui fait émerger cette idée : pouvoir faire partager ces produits artisanaux confectionnés à partir de viandes exceptionnelles au plus grand nombre (y a pas de raison que seuls les gens des campagnes puissent en profiter!). La raison d’être de VENANDI vise à faire connaître au grand public les gibiers français. Alors ne vous inquiétez pas, on va tout vous expliquer : chasse durable, gibiers, avantages nutritifs.. mais surtout comment étonner et éduquer les papilles ! Nous avons à cœur d’être dans une démarche proche de nos valeurs : authenticité, transparence, et qualité ! L’aventure est donc lancée et vous pouvez d’ores et déjà goûter les premiers produits Venandi à base de gibier 100% sauvage et français !",
      "Photos Producteurs (from FOURNISSEUR)": [
        {
          "id": "attKjBhbI7QXU6CXA",
          "width": 125,
          "height": 125,
          "url": "https://dl.airtable.com/.attachments/95661b253ccd6bac798fb5c47efc5e25/c1a4dcf5/shop_logo2808.png?ts=1654586294&userId=usrF6kLgBaja75CMj&cs=2990d2189a8e1d5c",
          "filename": "shop_logo2808.png",
          "size": 28115,
          "type": "image/png",
          "thumbnails": {
            "small": {
              "url": "https://dl.airtable.com/.attachmentThumbnails/972229f83d4ee3aadbd350eba96e9861/de367ea8?ts=1654586294&userId=usrF6kLgBaja75CMj&cs=73b0f739a5795de3",
              "width": 36,
              "height": 36
            },
            "large": {
              "url": "https://dl.airtable.com/.attachmentThumbnails/30661ced6403982643fef9e708837bf2/d915bca8?ts=1654586294&userId=usrF6kLgBaja75CMj&cs=3f48b157e0743a7d",
              "width": 125,
              "height": 125
            },
            "full": {
              "url": "https://dl.airtable.com/.attachmentThumbnails/0ca3fbe925e7b17028a45b4f9b9e45f5/9e9a273c?ts=1654586294&userId=usrF6kLgBaja75CMj&cs=e7fdda9ab074df35",
              "width": 3000,
              "height": 3000
            }
          }
        },
        {
          "id": "attqzvVjIfc1l2glC",
          "width": 920,
          "height": 1015,
          "url": "https://dl.airtable.com/.attachments/be07aea559ed00f0243ef6a806745b60/c89eff61/IMG_8178-920x1015.jpg?ts=1654586294&userId=usrF6kLgBaja75CMj&cs=3f4854807477cca2",
          "filename": "IMG_8178-920x1015.jpg",
          "size": 229833,
          "type": "image/jpeg",
          "thumbnails": {
            "small": {
              "url": "https://dl.airtable.com/.attachmentThumbnails/5bea6ec618bb0373241a5b451faa2560/146701b3?ts=1654586294&userId=usrF6kLgBaja75CMj&cs=5b7520546d79418f",
              "width": 33,
              "height": 36
            },
            "large": {
              "url": "https://dl.airtable.com/.attachmentThumbnails/c8b88a367c75bd440a35df278f599d31/3a2c46c7?ts=1654586294&userId=usrF6kLgBaja75CMj&cs=63f2a4847c5000bd",
              "width": 512,
              "height": 565
            },
            "full": {
              "url": "https://dl.airtable.com/.attachmentThumbnails/6cb397e18cf4da69323c92245809aa0a/49ccc106?ts=1654586294&userId=usrF6kLgBaja75CMj&cs=ef1b00da4d493a42",
              "width": 3000,
              "height": 3000
            }
          }
        }
      ],
      "Département (from FOURNISSEUR)": ["RHÔNE"],
      "Code Postal (from FOURNISSEUR)": "69002",
      "Ville (from FOURNISSEUR)": "LYON",
      "STOCK DISPO (from Passerelle Stock vers BDD Produits/Producteurs)": "3",
      "Import CSV Shopify": "FR69.0011.00984",
      "Localisation (from FOURNISSEUR)": "69002 - LYON - RHÔNE"
    },
    "name": "Terrine de Sanglier piment d'Espelette",
    "weight": "bocal verre 100 g",
    "price": "3.00",
    "pricePerKg": "30.00",
    "stock": "En stock",
    "picture": "https://dl.airtable.com/.attachments/7934a5a1feb2d36184d286114ac5b4f4/04cb1794/Terrine_sanglier-piment-scaled-removebg-preview.png?ts=1654586294&userId=usrF6kLgBaja75CMj&cs=452c7a99a65a5fe2"
  },
  {
    "id": "rec7eMTtBmZEhV7uQ",
    "info": {
      "Code Produit QotQot": "FR42.0006.00117",
      "FOURNISSEUR": "Charles Chocolartisan",
      "Produit": "KICROUSTY -Pâte à tartiner Lait-noisettes feuillantine",
      "Catégorie": ["Épicerie sucrée"],
      "Type": ["Pâtes à tartiner"],
      "Spécificité": "Chocolat",
      "Statut": "Référencé",
      "Dispo": "En stock",
      "Prix d'achat unitaire €HT": 3.35,
      "Descriptif Produit": "Ingrédients : Un mélange d’huile de tournesol et beurre de cacao, du chocolat en poudre (sucre, cacao), du sucre, des NOISETTES, du LAIT écrémé, de la feuillantine 5% (farine de BLE, sucre, BEURRE concentré, sucre du LAIT, protéine de LAIT, sel, extrait de malt (ORGE), poudre à lever : bicarbonate de sodium). Un émulsifiant : de la lécithine de tournesol. Et de la vanille de Madagascar. \nLes valeurs nutritionnelles pour 100g : Energie 575 kcal (2394 kJ), Matières grasses 39g dont acides gras saturés 6,4g, Glucides 48g dont sucres 46g, Protéines 6,7g, Fibres 3,7g, Sel 0,14g. \n \nSans huile de palme, à tartiner sans modération.",
      "Image produits sans fond": [
        {
          "id": "attsDCJdfbYd1JYBG",
          "width": 500,
          "height": 500,
          "url": "https://dl.airtable.com/.attachments/93b9023516f3a0f1bb5cbb2eb03f644b/b15240b4/pate-a-tartiner-kicrousty-280-gr-removebg-preview.png?ts=1654586294&userId=usrF6kLgBaja75CMj&cs=ce31975adf806d3a",
          "filename": "pate-a-tartiner-kicrousty-280-gr-removebg-preview.png",
          "size": 149433,
          "type": "image/png",
          "thumbnails": {
            "small": {
              "url": "https://dl.airtable.com/.attachmentThumbnails/d2c13fdba630310d8305cc44472758c9/a25c661c?ts=1654586294&userId=usrF6kLgBaja75CMj&cs=d767393f1d4e55d7",
              "width": 36,
              "height": 36
            },
            "large": {
              "url": "https://dl.airtable.com/.attachmentThumbnails/a9e126cde4100a2841180f3c26bd04f9/6160c5f8?ts=1654586294&userId=usrF6kLgBaja75CMj&cs=211b018bfdbd1117",
              "width": 500,
              "height": 500
            },
            "full": {
              "url": "https://dl.airtable.com/.attachmentThumbnails/a2b37d77a390a44e91ac45a7d8d254b1/422a3638?ts=1654586294&userId=usrF6kLgBaja75CMj&cs=a68ac24a08b7fbbe",
              "width": 3000,
              "height": 3000
            }
          }
        }
      ],
      "EAN 13": { "text": "3 700 774 300 050" },
      "DDM (mois)": 12,
      "UVC - Conditionnement": "Pot PET",
      "UVC - Poids/vol": 280,
      "UVC - Unité": "g",
      "Prix d'achat kg/g/L €HT": 11.964285714285714,
      "Unité d'achat(X*UV)": 12,
      "Tx TVA": 0.055,
      "Produit Pro": true,
      "Produit Particulier": true,
      "Tarif Particulier TTC": 5.6548,
      "Commentaires": "Panachable en couche de 6\n",
      "numéro": 117,
      "Code Fournisseur (from Fournisseurs)": "FR42.0006",
      "Département (from Coordonnées Sociétés)": ["LOIRE"],
      "Franco €": "€250",
      "DESIGNATION": "KICROUSTY -PÂTE À TARTINER LAIT-NOISETTES FEUILLANTINE",
      "Conditionnement": "Pot PET 280 g",
      "Tarif Pro (HT)": 5.025,
      "Tarif Pro (HT) au Kg/L": 17.946428571428573,
      "Unité Vente": 1,
      "Tarif Particulier TTC Arrondi": 5.7,
      "Image produits avec fond": [
        {
          "id": "att2OKuavOBCcHjiy",
          "width": 500,
          "height": 500,
          "url": "https://dl.airtable.com/.attachments/2edc30802519d839157988531d1c0f6b/eb6ed392/pate-a-tartiner-kicrousty-280-gr.jpg?ts=1654586294&userId=usrF6kLgBaja75CMj&cs=42dca9bd2efc37ce",
          "filename": "pate-a-tartiner-kicrousty-280-gr.jpg",
          "size": 28227,
          "type": "image/jpeg",
          "thumbnails": {
            "small": {
              "url": "https://dl.airtable.com/.attachmentThumbnails/cd191e1870ff933cbfa5fb4342ed440f/949e028d?ts=1654586294&userId=usrF6kLgBaja75CMj&cs=5e0697375de3e16a",
              "width": 36,
              "height": 36
            },
            "large": {
              "url": "https://dl.airtable.com/.attachmentThumbnails/a1f30fc8b6d7d5fbf0dd59d695c15e04/66432200?ts=1654586294&userId=usrF6kLgBaja75CMj&cs=2416933175c5361e",
              "width": 500,
              "height": 500
            },
            "full": {
              "url": "https://dl.airtable.com/.attachmentThumbnails/e53d50702dfbeba25c9372da3a9919a2/a1faa821?ts=1654586294&userId=usrF6kLgBaja75CMj&cs=ad6b0f21d4794a40",
              "width": 3000,
              "height": 3000
            }
          }
        }
      ],
      "Nom complet Produit pour formulaire de Mouvement de Stock": "Pot PET 280 g-KICROUSTY -PÂTE À TARTINER LAIT-NOISETTES FEUILLANTINE//Charles Chocolartisan//FR42.0006.00117",
      "Prix de vente € TTC conseillé": 7,
      "Prix de vente typeform € TTC": 6.3,
      "DESIGNATION TYPEFORM": "KICROUSTY -Pâte à tartiner Lait-noisettes feuillantine - 280g -  // 6.30€",
      "Hypothèse 15% marge px pro": 6.236911764705883,
      "CATEGORIE/TYPE": "Épicerie sucrée>Pâtes à tartiner",
      "Condi.": "Pot PET\n280 g",
      "Disponibilité": "En stock",
      "PRODUCTEUR": "CHARLES CHOCOLARTISAN",
      "Spécificités": "Chocolat",
      "Commande Fournisseurs": "FR42.0006-14/01/2022, FR42.0006-14/03/2022",
      "Désignation Produit": "KICROUSTY -PÂTE À TARTINER LAIT-NOISETTES FEUILLANTINE - Pot PET 280 g",
      "Désignation Produit 1 ligne": "KICROUSTY -PÂTE À TARTINER LAIT-NOISETTES FEUILLANTINE - Pot PET 280 g",
      "Unité de vente détaillée": "1 X 280 g",
      "Délais d'appro (jours) (from FOURNISSEUR)": "10",
      "Nom de la Société (from FOURNISSEUR)": "Charles Chocolartisan",
      "Descriptif Producteur (from FOURNISSEUR)": "Pâtes à tartiner sans huile de palme.  - des produits trop bons à l'intérieur - avec des ingrédients naturels et de qualité - et un brin d'histoire aussi FABRICATION 100% FRANCAISE ! Le site de production Charles Chocolartisan se situe à Civens, un petit village du département de la Loire, non loin de Saint-Etienne et de Lyon. C’est ici que les plus grands secrets tartinés sont gardés ! Toutes les recettes sont fabriquées sur le territoire ligérien par les petites mains de nos écureuils, avec des matières premières issues de l'agriculture Française, lorsque cela est rendu possible bien sûr (plutôt complexe de cultiver le cacao dans son jardin).   BIENVEILLANCE ! C'est être bienveillant envers ceux et celles qui nous entourent et faire intervenir le plus possible les acteurs locaux. C'est aussi respecter l'environnement en utilisant seulement des produits sains et naturels. Enfin, être bienveillant c'est aussi prendre soin de TA santé, et celle de tous nos gourmands avec des pâtes à tartiner sans conservateur, sans arôme artificiel, sans additif chimique et SANS HUILE DE PALME. Roland CHARLES est chocolatier artisan depuis 2005. MAITRE ARTISAN",
      "Photos Producteurs (from FOURNISSEUR)": [
        {
          "id": "attlyCwSWsJVVaZIA",
          "width": 5184,
          "height": 3456,
          "url": "https://dl.airtable.com/.attachments/6eddd894aefe0270b2280f1454e78a73/f3e491d7/Made_In_Craft_spread?ts=1654586294&userId=usrF6kLgBaja75CMj&cs=c13819b84cfaff20",
          "filename": "Made_In_Craft_spread",
          "size": 2141430,
          "type": "image/jpeg",
          "thumbnails": {
            "small": {
              "url": "https://dl.airtable.com/.attachmentThumbnails/de6c90224f0151739c12abd7467357fd/c2bc654e?ts=1654586294&userId=usrF6kLgBaja75CMj&cs=96ce4f8bf32640fc",
              "width": 54,
              "height": 36
            },
            "large": {
              "url": "https://dl.airtable.com/.attachmentThumbnails/6bd8ecb64b9e96498a2fe1ee79e6f4d0/0b0c54db?ts=1654586294&userId=usrF6kLgBaja75CMj&cs=fcfa2d0146a5093e",
              "width": 768,
              "height": 512
            },
            "full": {
              "url": "https://dl.airtable.com/.attachmentThumbnails/ae7f4fdf8b25234b63bc4bec1298a6b9/646d8ec8?ts=1654586294&userId=usrF6kLgBaja75CMj&cs=4c70505f8b89b0b4",
              "width": 3000,
              "height": 3000
            }
          }
        }
      ],
      "Label (from FOURNISSEUR)": ["Maitre Artisan"],
      "LABEL LOGO (from FOURNISSEUR)": [
        {
          "id": "atteoANboPg1rt7qO",
          "width": 500,
          "height": 500,
          "url": "https://dl.airtable.com/.attachments/1666ef036bbf7ef0f736298627086a50/e835b947/d11187.png?ts=1654586294&userId=usrF6kLgBaja75CMj&cs=940682eef8138829",
          "filename": "d11187.png",
          "size": 24032,
          "type": "image/png",
          "thumbnails": {
            "small": {
              "url": "https://dl.airtable.com/.attachmentThumbnails/f4f7d5dbba88423af7f3d4db934f11bb/c318ffd2?ts=1654586294&userId=usrF6kLgBaja75CMj&cs=cc6c831b7b19ce6e",
              "width": 36,
              "height": 36
            },
            "large": {
              "url": "https://dl.airtable.com/.attachmentThumbnails/cc82b4b4a4afecd526f70be6b662d042/45f6edb2?ts=1654586294&userId=usrF6kLgBaja75CMj&cs=d98956868f0bdab5",
              "width": 500,
              "height": 500
            },
            "full": {
              "url": "https://dl.airtable.com/.attachmentThumbnails/e814e533d08305a5ca64aa5ee51b3c2c/8aa2f1a8?ts=1654586294&userId=usrF6kLgBaja75CMj&cs=5873acc6a6e85048",
              "width": 3000,
              "height": 3000
            }
          }
        }
      ],
      "Département (from FOURNISSEUR)": ["LOIRE"],
      "Code Postal (from FOURNISSEUR)": "42110",
      "Ville (from FOURNISSEUR)": "CIVENS",
      "STOCK DISPO (from Passerelle Stock vers BDD Produits/Producteurs)": "24",
      "Import CSV Shopify": "FR42.0006.00117",
      "Localisation (from FOURNISSEUR)": "42110 - CIVENS - LOIRE"
    },
    "name": "KICROUSTY -Pâte à tartiner Lait-noisettes feuillantine",
    "weight": "Pot PET 280 g",
    "price": "3.35",
    "pricePerKg": "11.96",
    "stock": "En stock",
    "picture": "https://dl.airtable.com/.attachments/93b9023516f3a0f1bb5cbb2eb03f644b/b15240b4/pate-a-tartiner-kicrousty-280-gr-removebg-preview.png?ts=1654586294&userId=usrF6kLgBaja75CMj&cs=ce31975adf806d3a"
  },
  {
    "id": "rec7mt2NJbF8QuwWo",
    "info": {
      "Code Produit QotQot": "FR30.0012.00878",
      "FOURNISSEUR": "Riz Canavere Camargue",
      "Produit": "Riz de Camargue IGP rond blanc monovarietal (brio ou gageron) \"Canavere\"",
      "Catégorie": ["Épicerie salée"],
      "Type": ["Riz"],
      "Spécificité": "Rond Spécial Dessert",
      "Statut": "Référencé",
      "Dispo": "En stock",
      "Prix d'achat unitaire €HT": 8.48,
      "EAN 13": { "text": "3520991009211" },
      "SIQO": ["IGP"],
      "Référence Fournisseur": "007",
      "UVC - Conditionnement": "sac",
      "UVC - Poids/vol": 5,
      "UVC - Unité": "kg",
      "Prix d'achat kg/g/L €HT": 1.6960000000000002,
      "Unité d'achat(X*UV)": 4,
      "Tx TVA": 0.055,
      "Produit Pro": true,
      "Tarif Particulier TTC": 14.31424,
      "Commentaires": "RHF - Produits soumis au cours, pouvant entraîner des fluctuations de prix\nsous réerve de disponibilité",
      "numéro": 878,
      "Code Fournisseur (from Fournisseurs)": "FR30.0012",
      "Département (from Coordonnées Sociétés)": ["GARD"],
      "DESIGNATION": "RIZ DE CAMARGUE IGP ROND BLANC MONOVARIETAL (BRIO OU GAGERON) \"CANAVERE\" - IGP",
      "Conditionnement": "sac 5 kg",
      "Tarif Pro (HT)": 12.72,
      "Tarif Pro (HT) au Kg/L": 2.544,
      "Unité Vente": 1,
      "Tarif Particulier TTC Arrondi": 14.4,
      "LABEL": [
        {
          "id": "attpiASv6llbLqJjW",
          "width": 245,
          "height": 245,
          "url": "https://dl.airtable.com/.attachments/4ddebfa3010a70593140d0b7fa459db2/61771ed5/8c3d1490?ts=1654586294&userId=usrF6kLgBaja75CMj&cs=569efa4e1496bff9",
          "filename": "8c3d1490",
          "size": 45917,
          "type": "image/png",
          "thumbnails": {
            "small": {
              "url": "https://dl.airtable.com/.attachmentThumbnails/08eb6f2363ca31fb0052ed9df23ee4b0/69417b30?ts=1654586294&userId=usrF6kLgBaja75CMj&cs=428f5d7a64e8c6f3",
              "width": 36,
              "height": 36
            },
            "large": {
              "url": "https://dl.airtable.com/.attachmentThumbnails/8bb10436d71fec8a3842cbc5f7b1d681/359ba35b?ts=1654586294&userId=usrF6kLgBaja75CMj&cs=e0673a97d3acff3e",
              "width": 245,
              "height": 245
            },
            "full": {
              "url": "https://dl.airtable.com/.attachmentThumbnails/53f49e50cb06aee94e6d222d22ed9356/c107708c?ts=1654586294&userId=usrF6kLgBaja75CMj&cs=3c48513297b2a43b",
              "width": 3000,
              "height": 3000
            }
          }
        }
      ],
      "Nom complet Produit pour formulaire de Mouvement de Stock": "sac 5 kg-RIZ DE CAMARGUE IGP ROND BLANC MONOVARIETAL (BRIO OU GAGERON) \"CANAVERE\" - IGP//Riz Canavere Camargue//FR30.0012.00878",
      "DESIGNATION TYPEFORM": "Riz de Camargue IGP rond blanc monovarietal (brio ou gageron) \"Canavere\" - 5kg - IGP // 0€",
      "Hypothèse 15% marge px pro": 15.787764705882354,
      "CATEGORIE/TYPE": "Épicerie salée>Riz",
      "Condi.": "sac\n5 kg",
      "Disponibilité": "En stock",
      "PRODUCTEUR": "RIZ CANAVERE CAMARGUE",
      "Spécificités": "Rond Spécial Dessert",
      "Désignation Produit": "RIZ DE CAMARGUE IGP ROND BLANC MONOVARIETAL (BRIO OU GAGERON) \"CANAVERE\" - IGP - sac 5 kg",
      "Désignation Produit 1 ligne": "RIZ DE CAMARGUE IGP ROND BLANC MONOVARIETAL (BRIO OU GAGERON) \"CANAVERE\" - IGP - sac 5 kg",
      "Unité de vente détaillée": "1 X 5 kg",
      "Délais d'appro (jours) (from FOURNISSEUR)": "15",
      "Nom de la Société (from FOURNISSEUR)": "Riz Canavere Camargue",
      "Descriptif Producteur (from FOURNISSEUR)": "Découvrez le riz de Camargue au travers de notre passion & notre savoir-faire familiale. UNE ENTREPRISE FAMILIALE La société Benoit Riz de Canavere a été fondée en 1993, par Jean Louis Benoit, fils de Louis Benoit, riziculteurs Camarguais de père en fils. Précurseur dans la riziculture en Camargue, \"Canavere\" est une entreprise familiale qui travaille depuis 4 générations au développement d’une production agricole respectueuse des sols et des Hommes : « Nous défendons une agriculture raisonnée ; et nous ne nous plierons pas à l’effet de mode du Green Marketing » qui consiste à marketer les produits BIO ou « Organic » sans conscience exacte de la provenance et la fabrication de notre produit. Riz semé, cultivé & emballé en Camargue dans un rayon de 30km Estampillé Sud de France, IGP, sans Gluten",
      "Photos Producteurs (from FOURNISSEUR)": [
        {
          "id": "attZDGnYYdclQEm77",
          "width": 1440,
          "height": 1440,
          "url": "https://dl.airtable.com/.attachments/56a872a411d285a32c78569cd73a17b3/feb1c8fa/123602542_3453678604701117_152993012696548202_n.jpg?ts=1654586294&userId=usrF6kLgBaja75CMj&cs=195c698b2ab2e194",
          "filename": "123602542_3453678604701117_152993012696548202_n.jpg",
          "size": 346171,
          "type": "image/jpeg",
          "thumbnails": {
            "small": {
              "url": "https://dl.airtable.com/.attachmentThumbnails/285e15f2ad7ba136c900ad2fe7776fd8/35d04ee2?ts=1654586294&userId=usrF6kLgBaja75CMj&cs=1037487add9023e1",
              "width": 36,
              "height": 36
            },
            "large": {
              "url": "https://dl.airtable.com/.attachmentThumbnails/cfd0c1cca8979734d536292fcd10c980/dc5f692b?ts=1654586294&userId=usrF6kLgBaja75CMj&cs=3a943a9bac40202e",
              "width": 512,
              "height": 512
            },
            "full": {
              "url": "https://dl.airtable.com/.attachmentThumbnails/022baf280ed074a8a7b07899512114ee/29f83b23?ts=1654586294&userId=usrF6kLgBaja75CMj&cs=a7ea931c6eaf58d0",
              "width": 3000,
              "height": 3000
            }
          }
        }
      ],
      "Label (from FOURNISSEUR)": ["AB", "CCF", "IGP"],
      "LABEL LOGO (from FOURNISSEUR)": [
        {
          "id": "attOjlB3OP92IAQLw",
          "width": 1335,
          "height": 606,
          "url": "https://dl.airtable.com/.attachments/bde3a9041e764a52284e9d7e724c6906/c4f70304/Capture-2.png?ts=1654586294&userId=usrF6kLgBaja75CMj&cs=7a13c35073f4693a",
          "filename": "Capture-2.png",
          "size": 105113,
          "type": "image/png",
          "thumbnails": {
            "small": {
              "url": "https://dl.airtable.com/.attachmentThumbnails/d610587c76107b1b40e5a9504a63a299/420fc780?ts=1654586294&userId=usrF6kLgBaja75CMj&cs=70b0e4f3e026dd6b",
              "width": 79,
              "height": 36
            },
            "large": {
              "url": "https://dl.airtable.com/.attachmentThumbnails/5e662ed8382bb04d74a88e0fd59474a4/1071aab4?ts=1654586294&userId=usrF6kLgBaja75CMj&cs=4b212cfb1743424b",
              "width": 1128,
              "height": 512
            },
            "full": {
              "url": "https://dl.airtable.com/.attachmentThumbnails/e515a39fdc1988e16ad042723ede9501/17bb594b?ts=1654586294&userId=usrF6kLgBaja75CMj&cs=694b54ee1f00f647",
              "width": 3000,
              "height": 3000
            }
          }
        },
        {
          "id": "attMuhgIz0i6EF3sO",
          "width": 562,
          "height": 796,
          "url": "https://dl.airtable.com/.attachments/ac55e066dc4c694c226bc7aa3603b3ff/31baf7ba/PAQ_LOGO_DTOUR.png?ts=1654586294&userId=usrF6kLgBaja75CMj&cs=688ef98d43b2fe07",
          "filename": "PAQ_LOGO_DÉTOURÉ.png",
          "size": 123333,
          "type": "image/png",
          "thumbnails": {
            "small": {
              "url": "https://dl.airtable.com/.attachmentThumbnails/e4ab024c3f5ae6d6703b12b21c377b2f/011e11ad?ts=1654586294&userId=usrF6kLgBaja75CMj&cs=7febad892daee4e2",
              "width": 25,
              "height": 36
            },
            "large": {
              "url": "https://dl.airtable.com/.attachmentThumbnails/e38099c48c3548fe4a91ffd6022b1f90/5617c169?ts=1654586294&userId=usrF6kLgBaja75CMj&cs=9b828de300ba475b",
              "width": 512,
              "height": 725
            },
            "full": {
              "url": "https://dl.airtable.com/.attachmentThumbnails/3c384b36e8ef6fad60696f0f487e36e2/7835c7a6?ts=1654586294&userId=usrF6kLgBaja75CMj&cs=62ac7cb5884e8b9a",
              "width": 3000,
              "height": 3000
            }
          }
        },
        {
          "id": "attIF8nQPkfYQg3PD",
          "width": 245,
          "height": 245,
          "url": "https://dl.airtable.com/.attachments/30a5ed2ed078555a4bcfe03684fb85eb/372ed40a/IGP_inao_image_block.png?ts=1654586294&userId=usrF6kLgBaja75CMj&cs=3d50c67929537429",
          "filename": "IGP_inao_image_block.png",
          "size": 240796,
          "type": "image/png",
          "thumbnails": {
            "small": {
              "url": "https://dl.airtable.com/.attachmentThumbnails/0333ed4b7a128b7d06619f73677c9d6f/8c5f0926?ts=1654586294&userId=usrF6kLgBaja75CMj&cs=3e62618ee4eec0b4",
              "width": 36,
              "height": 36
            },
            "large": {
              "url": "https://dl.airtable.com/.attachmentThumbnails/c4178b165dbce5f0be0c580da79693eb/c4b7af40?ts=1654586294&userId=usrF6kLgBaja75CMj&cs=2a27ff491dd65a43",
              "width": 245,
              "height": 245
            },
            "full": {
              "url": "https://dl.airtable.com/.attachmentThumbnails/a5071bafb6139fdd1692b3869089d1a7/2cb765ef?ts=1654586294&userId=usrF6kLgBaja75CMj&cs=581cc153ce14c337",
              "width": 3000,
              "height": 3000
            }
          }
        }
      ],
      "Département (from FOURNISSEUR)": ["GARD"],
      "Code Postal (from FOURNISSEUR)": "30800",
      "Ville (from FOURNISSEUR)": "Saint Gilles",
      "STOCK DISPO (from Passerelle Stock vers BDD Produits/Producteurs)": "3",
      "Localisation (from FOURNISSEUR)": "30800 - SAINT GILLES - GARD"
    },
    "name": "Riz de Camargue IGP rond blanc monovarietal (brio ou gageron) \"Canavere\"",
    "weight": "sac 5 kg",
    "price": "8.48",
    "pricePerKg": "1.70",
    "stock": "En stock"
  },
  {
    "id": "rec7tI4RKRQzuAWPb",
    "info": {
      "Code Produit QotQot": "FR69.0011.00997",
      "FOURNISSEUR": "Venandi",
      "Produit": "Terrine de Sanglier Chataignes",
      "Catégorie": ["Charcuteries et salaisons"],
      "Type": ["Terrines"],
      "Spécificité": "Sanglier",
      "Statut": "Référencé",
      "Dispo": "En stock",
      "Prix d'achat unitaire €HT": 3.1,
      "Descriptif Produit": "Cette terrine est composée de 50% de viande de sanglier sauvage français. Bien qu’étant la viande de gibier la plus grasse, elle reste 5 fois moins grasse qu’une viande de porc classique avec un goût nettement comparable. Les châtaignes présentent de façon généreuse dans cette recette amènent des saveurs qui vous feront retomber en enfance. Nous venons ajouter à cela une liqueur de châtaignes pour venir renforcer la gourmandise de cette terrine.",
      "Image produits sans fond": [
        {
          "id": "attGsbCmnwBvyx32k",
          "width": 577,
          "height": 433,
          "url": "https://dl.airtable.com/.attachments/c0b45d10bb4c732e7150d1a85df8fe8d/362d2d6c/Terrine_sanglier-chataignes-920x690-removebg-preview.png?ts=1654586294&userId=usrF6kLgBaja75CMj&cs=eda813900bf2f025",
          "filename": "Terrine_sanglier-chataignes-920x690-removebg-preview.png",
          "size": 89613,
          "type": "image/png",
          "thumbnails": {
            "small": {
              "url": "https://dl.airtable.com/.attachmentThumbnails/ff0a715d7f22efec24c00a0a142a42ad/6d3c687f?ts=1654586294&userId=usrF6kLgBaja75CMj&cs=64637414429c7b50",
              "width": 48,
              "height": 36
            },
            "large": {
              "url": "https://dl.airtable.com/.attachmentThumbnails/8b4fde8c088d394f4fd190a673478d04/f96971ec?ts=1654586294&userId=usrF6kLgBaja75CMj&cs=3cd7e7cf389f3f5d",
              "width": 577,
              "height": 433
            },
            "full": {
              "url": "https://dl.airtable.com/.attachmentThumbnails/a3ed07f02bca8e46204f52969a0b5141/f35ce032?ts=1654586294&userId=usrF6kLgBaja75CMj&cs=6d79bf6ad55b5bf1",
              "width": 3000,
              "height": 3000
            }
          }
        }
      ],
      "UVC - Conditionnement": "bocal verre",
      "UVC - Poids/vol": 100,
      "UVC - Unité": "g",
      "Prix d'achat kg/g/L €HT": 31,
      "Unité d'achat(X*UV)": 12,
      "Tx TVA": 0.055,
      "Produit Pro": true,
      "Produit Particulier": true,
      "Tarif Particulier TTC": 5.232800000000001,
      "numéro": 997,
      "Code Fournisseur (from Fournisseurs)": "FR69.0011",
      "Département (from Coordonnées Sociétés)": ["RHÔNE"],
      "DESIGNATION": "TERRINE DE SANGLIER CHATAIGNES",
      "Conditionnement": "bocal verre 100 g",
      "Tarif Pro (HT)": 4.65,
      "Tarif Pro (HT) au Kg/L": 46.50000000000001,
      "Unité Vente": 1,
      "Tarif Particulier TTC Arrondi": 5.300000000000001,
      "Image produits avec fond": [
        {
          "id": "attEqM2T5NBRit5CH",
          "width": 920,
          "height": 690,
          "url": "https://dl.airtable.com/.attachments/31ab2f4b23383d02aa57c2f3fa47e99e/7c246f57/Terrine_sanglier-chataignes-920x690.jpg?ts=1654586294&userId=usrF6kLgBaja75CMj&cs=931396169b4160e9",
          "filename": "Terrine_sanglier-chataignes-920x690.jpg",
          "size": 48643,
          "type": "image/jpeg",
          "thumbnails": {
            "small": {
              "url": "https://dl.airtable.com/.attachmentThumbnails/91bec8c393bf7a4b93a871efdf9409e8/23b1b96b?ts=1654586294&userId=usrF6kLgBaja75CMj&cs=6d06aeab2fbde09d",
              "width": 48,
              "height": 36
            },
            "large": {
              "url": "https://dl.airtable.com/.attachmentThumbnails/a4b5b485e3035911b612d3d31e262b65/3816e903?ts=1654586294&userId=usrF6kLgBaja75CMj&cs=4c4dcd44cdc257e8",
              "width": 683,
              "height": 512
            },
            "full": {
              "url": "https://dl.airtable.com/.attachmentThumbnails/b60566c0878ac0c50a35f5564481d890/291c6980?ts=1654586294&userId=usrF6kLgBaja75CMj&cs=04ac93fb84c13228",
              "width": 3000,
              "height": 3000
            }
          }
        }
      ],
      "Nom complet Produit pour formulaire de Mouvement de Stock": "bocal verre 100 g-TERRINE DE SANGLIER CHATAIGNES//Venandi//FR69.0011.00997",
      "Prix de vente € TTC conseillé": 6.5,
      "Prix de vente typeform € TTC": 5.9,
      "DESIGNATION TYPEFORM": "Terrine de Sanglier Chataignes - 100g -  // 5.90€",
      "Hypothèse 15% marge px pro": 5.771470588235295,
      "CATEGORIE/TYPE": "Charcuteries et salaisons>Terrines",
      "Condi.": "bocal verre\n100 g",
      "Disponibilité": "En stock",
      "PRODUCTEUR": "VENANDI",
      "Spécificités": "Sanglier",
      "Désignation Produit": "TERRINE DE SANGLIER CHATAIGNES - bocal verre 100 g",
      "Désignation Produit 1 ligne": "TERRINE DE SANGLIER CHATAIGNES - bocal verre 100 g",
      "Unité de vente détaillée": "1 X 100 g",
      "Délais d'appro (jours) (from FOURNISSEUR)": "10",
      "Nom de la Société (from FOURNISSEUR)": "Venandi",
      "Descriptif Producteur (from FOURNISSEUR)": "Mathieu & François : des amoureux de la nature et du goût Notre aventure, c’est d’abord celle de deux amis (Mathieu et François) qui ont eu l’envie de créer une aventure responsable, humaine et très gourmande autour de la viande sauvage. L’idée est de concocter des produits à base de viande de gibier pour le mettre sur le devant de la scène culinaire française (rien que ça) ! Après l’école, François rejoint Tilkee, une start-up de l’écosystème lyonnais qui cherche à développer l’efficacité des commerciaux grâce à un logiciel de tracking. Cette expérience lui permettra de faire ses premières armes sur ce marché en construction et apprend ainsi les aléas des petites entreprises. Sa devise : La qualité et la satisfaction des clients avant tout ! Mathieu de son côté, pas très copain avec les études, décide de se lancer dans le monde du bâtiment en créant son entreprise d’artisan peintre. Son activité lui apprend la débrouille et la gestion du terrain. Sa devise : Il n’y a pas de problème, que des solutions! C’est leur passion commune pour la nature et la pratique de la chasse durable qui les réunit et qui fait émerger cette idée : pouvoir faire partager ces produits artisanaux confectionnés à partir de viandes exceptionnelles au plus grand nombre (y a pas de raison que seuls les gens des campagnes puissent en profiter!). La raison d’être de VENANDI vise à faire connaître au grand public les gibiers français. Alors ne vous inquiétez pas, on va tout vous expliquer : chasse durable, gibiers, avantages nutritifs.. mais surtout comment étonner et éduquer les papilles ! Nous avons à cœur d’être dans une démarche proche de nos valeurs : authenticité, transparence, et qualité ! L’aventure est donc lancée et vous pouvez d’ores et déjà goûter les premiers produits Venandi à base de gibier 100% sauvage et français !",
      "Photos Producteurs (from FOURNISSEUR)": [
        {
          "id": "attKjBhbI7QXU6CXA",
          "width": 125,
          "height": 125,
          "url": "https://dl.airtable.com/.attachments/95661b253ccd6bac798fb5c47efc5e25/c1a4dcf5/shop_logo2808.png?ts=1654586294&userId=usrF6kLgBaja75CMj&cs=2990d2189a8e1d5c",
          "filename": "shop_logo2808.png",
          "size": 28115,
          "type": "image/png",
          "thumbnails": {
            "small": {
              "url": "https://dl.airtable.com/.attachmentThumbnails/972229f83d4ee3aadbd350eba96e9861/de367ea8?ts=1654586294&userId=usrF6kLgBaja75CMj&cs=73b0f739a5795de3",
              "width": 36,
              "height": 36
            },
            "large": {
              "url": "https://dl.airtable.com/.attachmentThumbnails/30661ced6403982643fef9e708837bf2/d915bca8?ts=1654586294&userId=usrF6kLgBaja75CMj&cs=3f48b157e0743a7d",
              "width": 125,
              "height": 125
            },
            "full": {
              "url": "https://dl.airtable.com/.attachmentThumbnails/0ca3fbe925e7b17028a45b4f9b9e45f5/9e9a273c?ts=1654586294&userId=usrF6kLgBaja75CMj&cs=e7fdda9ab074df35",
              "width": 3000,
              "height": 3000
            }
          }
        },
        {
          "id": "attqzvVjIfc1l2glC",
          "width": 920,
          "height": 1015,
          "url": "https://dl.airtable.com/.attachments/be07aea559ed00f0243ef6a806745b60/c89eff61/IMG_8178-920x1015.jpg?ts=1654586294&userId=usrF6kLgBaja75CMj&cs=3f4854807477cca2",
          "filename": "IMG_8178-920x1015.jpg",
          "size": 229833,
          "type": "image/jpeg",
          "thumbnails": {
            "small": {
              "url": "https://dl.airtable.com/.attachmentThumbnails/5bea6ec618bb0373241a5b451faa2560/146701b3?ts=1654586294&userId=usrF6kLgBaja75CMj&cs=5b7520546d79418f",
              "width": 33,
              "height": 36
            },
            "large": {
              "url": "https://dl.airtable.com/.attachmentThumbnails/c8b88a367c75bd440a35df278f599d31/3a2c46c7?ts=1654586294&userId=usrF6kLgBaja75CMj&cs=63f2a4847c5000bd",
              "width": 512,
              "height": 565
            },
            "full": {
              "url": "https://dl.airtable.com/.attachmentThumbnails/6cb397e18cf4da69323c92245809aa0a/49ccc106?ts=1654586294&userId=usrF6kLgBaja75CMj&cs=ef1b00da4d493a42",
              "width": 3000,
              "height": 3000
            }
          }
        }
      ],
      "Département (from FOURNISSEUR)": ["RHÔNE"],
      "Code Postal (from FOURNISSEUR)": "69002",
      "Ville (from FOURNISSEUR)": "LYON",
      "STOCK DISPO (from Passerelle Stock vers BDD Produits/Producteurs)": "6",
      "Import CSV Shopify": "FR69.0011.00997",
      "Localisation (from FOURNISSEUR)": "69002 - LYON - RHÔNE"
    },
    "name": "Terrine de Sanglier Chataignes",
    "weight": "bocal verre 100 g",
    "price": "3.10",
    "pricePerKg": "31.00",
    "stock": "En stock",
    "picture": "https://dl.airtable.com/.attachments/c0b45d10bb4c732e7150d1a85df8fe8d/362d2d6c/Terrine_sanglier-chataignes-920x690-removebg-preview.png?ts=1654586294&userId=usrF6kLgBaja75CMj&cs=eda813900bf2f025"
  },
  {
    "id": "rec7wX0AYG6S21zEi",
    "info": {
      "Code Produit QotQot": "FR01.0007.00630",
      "FOURNISSEUR": "Max Daumin",
      "Produit": "Ras el Hanout Recette traditionnelle / Assemblage 24 épices",
      "Catégorie": ["Épicerie salée"],
      "Type": ["Epices"],
      "Spécificité": "Assemblage d'épices",
      "Statut": "Référencé",
      "Dispo": "En stock",
      "Prix d'achat unitaire €HT": 3.95,
      "Descriptif Produit": "24 épices le composent",
      "Image produits sans fond": [
        {
          "id": "attMBjlahocHJWNHJ",
          "width": 553,
          "height": 451,
          "url": "https://dl.airtable.com/.attachments/7618081c1a1c9b6fd1325a3442f96b4a/3c558cb7/Ras_el_hanout-removebg-preview.png?ts=1654586294&userId=usrF6kLgBaja75CMj&cs=0af31e0af5af38ed",
          "filename": "Ras_el_hanout-removebg-preview.png",
          "size": 265653,
          "type": "image/png",
          "thumbnails": {
            "small": {
              "url": "https://dl.airtable.com/.attachmentThumbnails/8389ec836d3e80593ee3aab90d77ba41/8a2b1877?ts=1654586294&userId=usrF6kLgBaja75CMj&cs=e55d78bb9d51a20b",
              "width": 44,
              "height": 36
            },
            "large": {
              "url": "https://dl.airtable.com/.attachmentThumbnails/92ee56dc6122812f26fd07727a533ecd/0ad3f62d?ts=1654586294&userId=usrF6kLgBaja75CMj&cs=1429880e38aa79c3",
              "width": 553,
              "height": 451
            },
            "full": {
              "url": "https://dl.airtable.com/.attachmentThumbnails/ef221a35db04af795d62257eda6587e4/2d3e52aa?ts=1654586294&userId=usrF6kLgBaja75CMj&cs=fa2149e3a738a5c8",
              "width": 3000,
              "height": 3000
            }
          }
        }
      ],
      "EAN 13": { "text": "3770007570468" },
      "UVC - Conditionnement": "boite",
      "UVC - Poids/vol": 10,
      "UVC - Unité": " berlingots",
      "Prix d'achat kg/g/L €HT": 0.395,
      "Unité d'achat(X*UV)": 10,
      "Tx TVA": 0.055,
      "Produit Pro": true,
      "Produit Particulier": true,
      "Tarif Particulier TTC": 6.6676,
      "numéro": 630,
      "Code Fournisseur (from Fournisseurs)": "FR01.0007",
      "Département (from Coordonnées Sociétés)": ["AIN"],
      "Franco €": "€250",
      "DESIGNATION": "RAS EL HANOUT RECETTE TRADITIONNELLE / ASSEMBLAGE 24 ÉPICES",
      "Conditionnement": "boite 10  berlingots",
      "Tarif Pro (HT)": 5.925000000000001,
      "Tarif Pro (HT) au Kg/L": 0.5925,
      "Unité Vente": 1,
      "Tarif Particulier TTC Arrondi": 6.7,
      "Image produits avec fond": [
        {
          "id": "attyw1JCI0calX3yG",
          "width": 919,
          "height": 613,
          "url": "https://dl.airtable.com/.attachments/84a7992a02f69be8228c157df4f8436f/299a2379/RasElHanoutHD.jpg?ts=1654586294&userId=usrF6kLgBaja75CMj&cs=65e48eac869e6939",
          "filename": "Ras El Hanout HD.jpg",
          "size": 55798,
          "type": "image/jpeg",
          "thumbnails": {
            "small": {
              "url": "https://dl.airtable.com/.attachmentThumbnails/c0696843a4a38909284e803fad930a1c/dd7f496a?ts=1654586294&userId=usrF6kLgBaja75CMj&cs=3a2467f1ba1a8fce",
              "width": 54,
              "height": 36
            },
            "large": {
              "url": "https://dl.airtable.com/.attachmentThumbnails/dd749c9a325c53689f6dd4b16ae24a46/ee191a8d?ts=1654586294&userId=usrF6kLgBaja75CMj&cs=834bc0953b1a42e6",
              "width": 768,
              "height": 512
            },
            "full": {
              "url": "https://dl.airtable.com/.attachmentThumbnails/2618234732f4a5503ffba5eeaf41f966/17e22056?ts=1654586294&userId=usrF6kLgBaja75CMj&cs=69eb1a2bbf3d70f8",
              "width": 3000,
              "height": 3000
            }
          }
        }
      ],
      "Nom complet Produit pour formulaire de Mouvement de Stock": "boite 10  berlingots-RAS EL HANOUT RECETTE TRADITIONNELLE / ASSEMBLAGE 24 ÉPICES//Max Daumin//FR01.0007.00630",
      "Prix de vente € TTC conseillé": 7.1,
      "Prix de vente typeform € TTC": 7.5,
      "DESIGNATION TYPEFORM": "Ras el Hanout Recette traditionnelle / Assemblage 24 épices - 10 berlingots -  // 7.50€",
      "Hypothèse 15% marge px pro": 7.353970588235295,
      "Idée Recette": "Usage : Couscous, tajine, légumes, plats en sauce ",
      "CATEGORIE/TYPE": "Épicerie salée>Epices",
      "Condi.": "boite\n10  berlingots",
      "Disponibilité": "En stock",
      "PRODUCTEUR": "MAX DAUMIN",
      "Spécificités": "Assemblage d'épices",
      "Désignation Produit": "RAS EL HANOUT RECETTE TRADITIONNELLE / ASSEMBLAGE 24 ÉPICES - boite 10  berlingots",
      "Désignation Produit 1 ligne": "RAS EL HANOUT RECETTE TRADITIONNELLE / ASSEMBLAGE 24 ÉPICES - boite 10  berlingots",
      "Unité de vente détaillée": "1 X 10  berlingots",
      "Délais d'appro (jours) (from FOURNISSEUR)": "15",
      "Nom de la Société (from FOURNISSEUR)": "Max Daumin",
      "Descriptif Producteur (from FOURNISSEUR)": "Des épices de producteurs La maitrise de la qualité gustative des épices et poivres ne peut se faire que si l’on maitrise la récolte et qui plante vos épices. Max Daumin sélectionne ainsi des épices brutes, non moulues directement auprès de ses producteurs en France et dans le monde. Fabrication de nos packagings en Auvergne-Rhône-Alpes et mouture réalisée dans l'Ain.",
      "Photos Producteurs (from FOURNISSEUR)": [
        {
          "id": "attYAOOy5uOVlVR6S",
          "width": 2048,
          "height": 2048,
          "url": "https://dl.airtable.com/.attachments/64e33a9c190c59001abdb8f17b3633dd/ff897487/219894231_1444958569205856_6064492114380868409_n.jpg?ts=1654586294&userId=usrF6kLgBaja75CMj&cs=4f174d77651ec16f",
          "filename": "219894231_1444958569205856_6064492114380868409_n.jpg",
          "size": 1262576,
          "type": "image/jpeg",
          "thumbnails": {
            "small": {
              "url": "https://dl.airtable.com/.attachmentThumbnails/b432dfd0cdcdd317555e1cddf12365ee/ccdd2c2c?ts=1654586294&userId=usrF6kLgBaja75CMj&cs=eb97483b05c904ac",
              "width": 36,
              "height": 36
            },
            "large": {
              "url": "https://dl.airtable.com/.attachmentThumbnails/186d0dcefbef6a13df5925cadc565ab4/a16281cb?ts=1654586294&userId=usrF6kLgBaja75CMj&cs=5f4c7f34eff73003",
              "width": 512,
              "height": 512
            },
            "full": {
              "url": "https://dl.airtable.com/.attachmentThumbnails/133b79275186e894d892ab82f66dffab/4d10634d?ts=1654586294&userId=usrF6kLgBaja75CMj&cs=88fdfbd5960bb3bd",
              "width": 3000,
              "height": 3000
            }
          }
        }
      ],
      "Label (from FOURNISSEUR)": ["AB", "CCF"],
      "LABEL LOGO (from FOURNISSEUR)": [
        {
          "id": "attOjlB3OP92IAQLw",
          "width": 1335,
          "height": 606,
          "url": "https://dl.airtable.com/.attachments/bde3a9041e764a52284e9d7e724c6906/c4f70304/Capture-2.png?ts=1654586294&userId=usrF6kLgBaja75CMj&cs=7a13c35073f4693a",
          "filename": "Capture-2.png",
          "size": 105113,
          "type": "image/png",
          "thumbnails": {
            "small": {
              "url": "https://dl.airtable.com/.attachmentThumbnails/d610587c76107b1b40e5a9504a63a299/420fc780?ts=1654586294&userId=usrF6kLgBaja75CMj&cs=70b0e4f3e026dd6b",
              "width": 79,
              "height": 36
            },
            "large": {
              "url": "https://dl.airtable.com/.attachmentThumbnails/5e662ed8382bb04d74a88e0fd59474a4/1071aab4?ts=1654586294&userId=usrF6kLgBaja75CMj&cs=4b212cfb1743424b",
              "width": 1128,
              "height": 512
            },
            "full": {
              "url": "https://dl.airtable.com/.attachmentThumbnails/e515a39fdc1988e16ad042723ede9501/17bb594b?ts=1654586294&userId=usrF6kLgBaja75CMj&cs=694b54ee1f00f647",
              "width": 3000,
              "height": 3000
            }
          }
        },
        {
          "id": "attMuhgIz0i6EF3sO",
          "width": 562,
          "height": 796,
          "url": "https://dl.airtable.com/.attachments/ac55e066dc4c694c226bc7aa3603b3ff/31baf7ba/PAQ_LOGO_DTOUR.png?ts=1654586294&userId=usrF6kLgBaja75CMj&cs=688ef98d43b2fe07",
          "filename": "PAQ_LOGO_DÉTOURÉ.png",
          "size": 123333,
          "type": "image/png",
          "thumbnails": {
            "small": {
              "url": "https://dl.airtable.com/.attachmentThumbnails/e4ab024c3f5ae6d6703b12b21c377b2f/011e11ad?ts=1654586294&userId=usrF6kLgBaja75CMj&cs=7febad892daee4e2",
              "width": 25,
              "height": 36
            },
            "large": {
              "url": "https://dl.airtable.com/.attachmentThumbnails/e38099c48c3548fe4a91ffd6022b1f90/5617c169?ts=1654586294&userId=usrF6kLgBaja75CMj&cs=9b828de300ba475b",
              "width": 512,
              "height": 725
            },
            "full": {
              "url": "https://dl.airtable.com/.attachmentThumbnails/3c384b36e8ef6fad60696f0f487e36e2/7835c7a6?ts=1654586294&userId=usrF6kLgBaja75CMj&cs=62ac7cb5884e8b9a",
              "width": 3000,
              "height": 3000
            }
          }
        },
        {
          "id": "attIF8nQPkfYQg3PD",
          "width": 245,
          "height": 245,
          "url": "https://dl.airtable.com/.attachments/30a5ed2ed078555a4bcfe03684fb85eb/372ed40a/IGP_inao_image_block.png?ts=1654586294&userId=usrF6kLgBaja75CMj&cs=3d50c67929537429",
          "filename": "IGP_inao_image_block.png",
          "size": 240796,
          "type": "image/png",
          "thumbnails": {
            "small": {
              "url": "https://dl.airtable.com/.attachmentThumbnails/0333ed4b7a128b7d06619f73677c9d6f/8c5f0926?ts=1654586294&userId=usrF6kLgBaja75CMj&cs=3e62618ee4eec0b4",
              "width": 36,
              "height": 36
            },
            "large": {
              "url": "https://dl.airtable.com/.attachmentThumbnails/c4178b165dbce5f0be0c580da79693eb/c4b7af40?ts=1654586294&userId=usrF6kLgBaja75CMj&cs=2a27ff491dd65a43",
              "width": 245,
              "height": 245
            },
            "full": {
              "url": "https://dl.airtable.com/.attachmentThumbnails/a5071bafb6139fdd1692b3869089d1a7/2cb765ef?ts=1654586294&userId=usrF6kLgBaja75CMj&cs=581cc153ce14c337",
              "width": 3000,
              "height": 3000
            }
          }
        }
      ],
      "Département (from FOURNISSEUR)": ["AIN"],
      "Code Postal (from FOURNISSEUR)": "01450",
      "Ville (from FOURNISSEUR)": "LEYSSARD",
      "STOCK DISPO (from Passerelle Stock vers BDD Produits/Producteurs)": "9",
      "Import CSV Shopify": "FR01.0007.00630",
      "Localisation (from FOURNISSEUR)": "01450 - LEYSSARD - AIN"
    },
    "name": "Ras el Hanout Recette traditionnelle / Assemblage 24 épices",
    "weight": "boite 10  berlingots",
    "price": "3.95",
    "pricePerKg": "0.40",
    "stock": "En stock",
    "picture": "https://dl.airtable.com/.attachments/7618081c1a1c9b6fd1325a3442f96b4a/3c558cb7/Ras_el_hanout-removebg-preview.png?ts=1654586294&userId=usrF6kLgBaja75CMj&cs=0af31e0af5af38ed"
  },
  {
    "id": "rec84wz0OyBV1YZsE",
    "info": {
      "Code Produit QotQot": "FR63.0222.01401",
      "FOURNISSEUR": "CLAC!",
      "Produit": "Ketchup auvergnat betterave tomate",
      "Catégorie": ["Épicerie salée"],
      "Type": ["Sauces"],
      "Spécificité": "Ketchup",
      "Statut": "Référencé",
      "Dispo": "En stock",
      "Prix d'achat unitaire €HT": 2.8,
      "Descriptif Produit": "Cuisiné avec des ingrédients bio frais et de saison et concocté en Auvergne artisanalement, notre ketchup au goût acidulé et sucré à base de betteraves et de tomates sublimera vos plats au quotidien.\n\nS’associe aussi bien avec des viandes blanches qu’en sauce pour un hamburger maison. Cette recette privilégie les circuits-courts grâce à notre partenariat avec une douzaine de producteurs locaux. De quoi en régaler plus d’un !",
      "Image produits sans fond": [
        {
          "id": "attnOe4pdx3rpDHoG",
          "width": 495,
          "height": 504,
          "url": "https://dl.airtable.com/.attachments/e9caa1b4afe33e722b626afa2faaff5f/afb6bade/ketchup-auvergnat-a-la-betterave-removebg-preview.png?ts=1654586294&userId=usrF6kLgBaja75CMj&cs=e770176edb03a347",
          "filename": "ketchup-auvergnat-a-la-betterave-removebg-preview.png",
          "size": 156066,
          "type": "image/png",
          "thumbnails": {
            "small": {
              "url": "https://dl.airtable.com/.attachmentThumbnails/8b763c8347ea0094d96df2291e21a6ab/05bc9ca3?ts=1654586294&userId=usrF6kLgBaja75CMj&cs=5128a0ee80b13516",
              "width": 35,
              "height": 36
            },
            "large": {
              "url": "https://dl.airtable.com/.attachmentThumbnails/aa74245276f34f8e36fdadc0e0fa72bf/bbc2d2fc?ts=1654586294&userId=usrF6kLgBaja75CMj&cs=0b36048b9d02a184",
              "width": 495,
              "height": 504
            },
            "full": {
              "url": "https://dl.airtable.com/.attachmentThumbnails/0a482c81c183f98ef2ae63edb47288af/9a69c4fd?ts=1654586294&userId=usrF6kLgBaja75CMj&cs=b3d83400be803618",
              "width": 3000,
              "height": 3000
            }
          }
        }
      ],
      "EAN 13": { "text": "3770009413893" },
      "SIQO": ["BIO"],
      "DDM (mois)": 24,
      "UVC - Conditionnement": "bocal verre",
      "UVC - Poids/vol": 250,
      "UVC - Unité": "g",
      "Prix d'achat kg/g/L €HT": 11.2,
      "Unité d'achat(X*UV)": 12,
      "Tx TVA": 0.055,
      "Produit Particulier": true,
      "Tarif Particulier TTC": 4.726399999999999,
      "numéro": 1401,
      "Code Fournisseur (from Fournisseurs)": "FR63.0222",
      "Département (from Coordonnées Sociétés)": ["PUY DE DÔME"],
      "Franco €": "€300",
      "DESIGNATION": "KETCHUP AUVERGNAT BETTERAVE TOMATE - BIO",
      "Conditionnement": "bocal verre 250 g",
      "Tarif Pro (HT)": 4.199999999999999,
      "Tarif Pro (HT) au Kg/L": 16.799999999999997,
      "Unité Vente": 1,
      "Tarif Particulier TTC Arrondi": 4.800000000000001,
      "LABEL": [
        {
          "id": "attdzLJnjcNd0rRmE",
          "width": 1335,
          "height": 606,
          "url": "https://dl.airtable.com/.attachments/0e9e633af4f109241b1f6cc70f2cb0bc/fe8d7a9e/Capture-2.png?ts=1654586294&userId=usrF6kLgBaja75CMj&cs=aea7a14f8a72c9bc",
          "filename": "Capture-2.png",
          "size": 105113,
          "type": "image/png",
          "thumbnails": {
            "small": {
              "url": "https://dl.airtable.com/.attachmentThumbnails/5e394e47a9ef364059f4dd554b2473c3/1cd419bf?ts=1654586294&userId=usrF6kLgBaja75CMj&cs=2215178bbd0704ff",
              "width": 79,
              "height": 36
            },
            "large": {
              "url": "https://dl.airtable.com/.attachmentThumbnails/e8ae48781a550c1899f42cc102006df4/47cf57c9?ts=1654586294&userId=usrF6kLgBaja75CMj&cs=0f384d2befc8856f",
              "width": 1128,
              "height": 512
            },
            "full": {
              "url": "https://dl.airtable.com/.attachmentThumbnails/4b4f2305169a6254d9ae9f526c9dedef/b11e2141?ts=1654586294&userId=usrF6kLgBaja75CMj&cs=12316e7ecbc90f2c",
              "width": 3000,
              "height": 3000
            }
          }
        }
      ],
      "Image produits avec fond": [
        {
          "id": "attnOe4pdx3rpDHoG",
          "width": 495,
          "height": 504,
          "url": "https://dl.airtable.com/.attachments/e9caa1b4afe33e722b626afa2faaff5f/afb6bade/ketchup-auvergnat-a-la-betterave-removebg-preview.png?ts=1654586294&userId=usrF6kLgBaja75CMj&cs=e770176edb03a347",
          "filename": "ketchup-auvergnat-a-la-betterave-removebg-preview.png",
          "size": 156066,
          "type": "image/png",
          "thumbnails": {
            "small": {
              "url": "https://dl.airtable.com/.attachmentThumbnails/8b763c8347ea0094d96df2291e21a6ab/05bc9ca3?ts=1654586294&userId=usrF6kLgBaja75CMj&cs=5128a0ee80b13516",
              "width": 35,
              "height": 36
            },
            "large": {
              "url": "https://dl.airtable.com/.attachmentThumbnails/aa74245276f34f8e36fdadc0e0fa72bf/bbc2d2fc?ts=1654586294&userId=usrF6kLgBaja75CMj&cs=0b36048b9d02a184",
              "width": 495,
              "height": 504
            },
            "full": {
              "url": "https://dl.airtable.com/.attachmentThumbnails/0a482c81c183f98ef2ae63edb47288af/9a69c4fd?ts=1654586294&userId=usrF6kLgBaja75CMj&cs=b3d83400be803618",
              "width": 3000,
              "height": 3000
            }
          }
        }
      ],
      "Nom complet Produit pour formulaire de Mouvement de Stock": "bocal verre 250 g-KETCHUP AUVERGNAT BETTERAVE TOMATE - BIO//CLAC!//FR63.0222.01401",
      "Prix de vente € TTC conseillé": 4.95,
      "Prix de vente typeform € TTC": 4.9,
      "DESIGNATION TYPEFORM": "Ketchup auvergnat betterave tomate - 250g - BIO // 4.90€",
      "Hypothèse 15% marge px pro": 5.212941176470587,
      "CATEGORIE/TYPE": "Épicerie salée>Sauces",
      "Condi.": "bocal verre\n250 g",
      "Disponibilité": "En stock",
      "PRODUCTEUR": "CLAC!",
      "Spécificités": "Ketchup",
      "Commande Fournisseurs": "FR63.0222-08/03/2022",
      "Désignation Produit": "KETCHUP AUVERGNAT BETTERAVE TOMATE - BIO - bocal verre 250 g",
      "Désignation Produit 1 ligne": "KETCHUP AUVERGNAT BETTERAVE TOMATE - BIO - bocal verre 250 g",
      "Unité de vente détaillée": "1 X 250 g",
      "Délais d'appro (jours) (from FOURNISSEUR)": "6",
      "Nom de la Société (from FOURNISSEUR)": "CLAC!",
      "Descriptif Producteur (from FOURNISSEUR)": "Fondée en juillet 2017, CLAC, la Conserverie Locale Artisanale & Créative, imagine et fabrique des tartinables apéritifs à partir d'ingrédients bio & locaux. Nous travaillons avec une quinzaine de producteurs d'Auvergne pour vous offrir des goûts originaux 100% naturels. CLAC, c'est également des légumes cuisinés, des sauces et des soupes fabriqués avec coeur et passion dans notre atelier de Cournon d'Auvergne",
      "Photos Producteurs (from FOURNISSEUR)": [
        {
          "id": "att57lDlQ1Uf8uR6d",
          "width": 480,
          "height": 370,
          "url": "https://dl.airtable.com/.attachments/65f6e5b664a80fc264a63f947393d989/5572920a/julien_Anglade_518eecd7-fccb-433a-b4a1-37db1dbbe0a5_large.PNG?ts=1654586294&userId=usrF6kLgBaja75CMj&cs=c362bb2e91847096",
          "filename": "julien_Anglade_518eecd7-fccb-433a-b4a1-37db1dbbe0a5_large.PNG",
          "size": 277189,
          "type": "image/png",
          "thumbnails": {
            "small": {
              "url": "https://dl.airtable.com/.attachmentThumbnails/8622bbda081521db50632334635c4541/a78bc5c1?ts=1654586294&userId=usrF6kLgBaja75CMj&cs=723722741647c0d6",
              "width": 47,
              "height": 36
            },
            "large": {
              "url": "https://dl.airtable.com/.attachmentThumbnails/971526aafba7c228407ab0ec1523c864/0559e2c0?ts=1654586294&userId=usrF6kLgBaja75CMj&cs=3b686b1c31661aa7",
              "width": 480,
              "height": 370
            },
            "full": {
              "url": "https://dl.airtable.com/.attachmentThumbnails/98ab59b9f44b1fcd993d894af39996b5/bbccdbb1?ts=1654586294&userId=usrF6kLgBaja75CMj&cs=a9909762992aff14",
              "width": 3000,
              "height": 3000
            }
          }
        }
      ],
      "Label (from FOURNISSEUR)": ["AB"],
      "LABEL LOGO (from FOURNISSEUR)": [
        {
          "id": "atthdViQyZ14LUu8l",
          "width": 1335,
          "height": 606,
          "url": "https://dl.airtable.com/.attachments/0d38d4bd251d74a58a370972d36e2d16/bbd1e6dd/Capture-2.png?ts=1654586294&userId=usrF6kLgBaja75CMj&cs=5613e82b554bf6db",
          "filename": "Capture-2.png",
          "size": 105113,
          "type": "image/png",
          "thumbnails": {
            "small": {
              "url": "https://dl.airtable.com/.attachmentThumbnails/d29e6895f30966e9dd650c26d42c694c/528b8acc?ts=1654586294&userId=usrF6kLgBaja75CMj&cs=4a7960b96ffd4eb6",
              "width": 79,
              "height": 36
            },
            "large": {
              "url": "https://dl.airtable.com/.attachmentThumbnails/43bc2d03176c12b59a06a15126d895c5/2d781fa8?ts=1654586294&userId=usrF6kLgBaja75CMj&cs=2d8a117035c3edfd",
              "width": 1128,
              "height": 512
            },
            "full": {
              "url": "https://dl.airtable.com/.attachmentThumbnails/c10f50df2e56d08c78870d0f258cabc7/c7210777?ts=1654586294&userId=usrF6kLgBaja75CMj&cs=bd975310d2340565",
              "width": 3000,
              "height": 3000
            }
          }
        }
      ],
      "Département (from FOURNISSEUR)": ["PUY DE DÔME"],
      "Code Postal (from FOURNISSEUR)": "63800",
      "Ville (from FOURNISSEUR)": "COURNON D'AUVERGNE",
      "STOCK DISPO (from Passerelle Stock vers BDD Produits/Producteurs)": "6",
      "Import CSV Shopify": "FR63.0222.01401",
      "Localisation (from FOURNISSEUR)": "63800 - COURNON D'AUVERGNE - PUY DE DÔME"
    },
    "name": "Ketchup auvergnat betterave tomate",
    "weight": "bocal verre 250 g",
    "price": "2.80",
    "pricePerKg": "11.20",
    "stock": "En stock",
    "picture": "https://dl.airtable.com/.attachments/e9caa1b4afe33e722b626afa2faaff5f/afb6bade/ketchup-auvergnat-a-la-betterave-removebg-preview.png?ts=1654586294&userId=usrF6kLgBaja75CMj&cs=e770176edb03a347"
  },
  {
    "id": "rec8JzTZog3fgq0Qj",
    "info": {
      "Code Produit QotQot": "ADEFINIR24.00859",
      "FOURNISSEUR": "Patrimoniam",
      "Produit": "Véritable Saucisson de Lyon 270 g envion",
      "Catégorie": ["Charcuteries et salaisons"],
      "Type": ["Salaisons"],
      "Spécificité": "Porc",
      "Statut": "Nous consulter",
      "Dispo": "Nous consulter",
      "Prix d'achat unitaire €HT": 13.8,
      "Descriptif Produit": "Ingrédients : Maigre de porc et de bœuf, sel et poivre, ail, sucre de canne\nLe 1er véritable saucisson de Lyon Bio et sans nitrite,\nrare et unique !\nC’est une recette lyonnaise qui remonte au début du 19e siècle. Il était élaboré à partir de viande maigre de porc (50 %) et de bœuf (50 %). Les viandes dégraissées sont hachées seules très finement et complétées par des petits dés de gras de bardière (poitrine de porc). Il est embossé dans un double boyau naturel et mis en sèche 5 à 6 semaines.\nIl ne comporte que 20% de matières grasses.",
      "Image produits sans fond": [
        {
          "id": "attFJso63niSMCVNp",
          "width": 755,
          "height": 330,
          "url": "https://dl.airtable.com/.attachments/d23fcc4776a7e8903da19dc52481171b/f62d3fd4/patrimoniam-removebg-preview.png?ts=1654586294&userId=usrF6kLgBaja75CMj&cs=59b768d0d39fbb06",
          "filename": "patrimoniam-removebg-preview.png",
          "size": 179351,
          "type": "image/png",
          "thumbnails": {
            "small": {
              "url": "https://dl.airtable.com/.attachmentThumbnails/890de99a64d8de187d38b883a0709bf0/f59a8e0a?ts=1654586294&userId=usrF6kLgBaja75CMj&cs=ba86f2adf5d984c6",
              "width": 82,
              "height": 36
            },
            "large": {
              "url": "https://dl.airtable.com/.attachmentThumbnails/2d9609face2c662b2b15965690f5a882/a08f4d5d?ts=1654586294&userId=usrF6kLgBaja75CMj&cs=1f74341e7408200b",
              "width": 755,
              "height": 330
            },
            "full": {
              "url": "https://dl.airtable.com/.attachmentThumbnails/c9905f81740d1c88f7422fd90a7d24e0/95d7ad57?ts=1654586294&userId=usrF6kLgBaja75CMj&cs=c8d5fcbb37afe823",
              "width": 3000,
              "height": 3000
            }
          }
        }
      ],
      "SIQO": ["BIO"],
      "UVC - Conditionnement": "pièce brute",
      "UVC - Poids/vol": 270,
      "UVC - Unité": "g",
      "Prix d'achat kg/g/L €HT": 51.111111111111114,
      "Unité d'achat(X*UV)": 1,
      "Tx TVA": 0.055,
      "Produit Pro": true,
      "Produit Particulier": true,
      "Tarif Particulier TTC": 23.2944,
      "numéro": 859,
      "Code Fournisseur (from Fournisseurs)": "ADEFINIR24",
      "Département (from Coordonnées Sociétés)": ["RHÔNE"],
      "DESIGNATION": "VÉRITABLE SAUCISSON DE LYON 270 G ENVION - BIO",
      "Conditionnement": "pièce brute 270 g",
      "Tarif Pro (HT)": 20.700000000000003,
      "Tarif Pro (HT) au Kg/L": 76.66666666666667,
      "Unité Vente": 1,
      "Tarif Particulier TTC Arrondi": 23.3,
      "LABEL": [
        {
          "id": "attdzLJnjcNd0rRmE",
          "width": 1335,
          "height": 606,
          "url": "https://dl.airtable.com/.attachments/0e9e633af4f109241b1f6cc70f2cb0bc/fe8d7a9e/Capture-2.png?ts=1654586294&userId=usrF6kLgBaja75CMj&cs=aea7a14f8a72c9bc",
          "filename": "Capture-2.png",
          "size": 105113,
          "type": "image/png",
          "thumbnails": {
            "small": {
              "url": "https://dl.airtable.com/.attachmentThumbnails/5e394e47a9ef364059f4dd554b2473c3/1cd419bf?ts=1654586294&userId=usrF6kLgBaja75CMj&cs=2215178bbd0704ff",
              "width": 79,
              "height": 36
            },
            "large": {
              "url": "https://dl.airtable.com/.attachmentThumbnails/e8ae48781a550c1899f42cc102006df4/47cf57c9?ts=1654586294&userId=usrF6kLgBaja75CMj&cs=0f384d2befc8856f",
              "width": 1128,
              "height": 512
            },
            "full": {
              "url": "https://dl.airtable.com/.attachmentThumbnails/4b4f2305169a6254d9ae9f526c9dedef/b11e2141?ts=1654586294&userId=usrF6kLgBaja75CMj&cs=12316e7ecbc90f2c",
              "width": 3000,
              "height": 3000
            }
          }
        }
      ],
      "Image produits avec fond": [
        {
          "id": "attF1yK5vweNy6fBO",
          "width": 2362,
          "height": 1034,
          "url": "https://dl.airtable.com/.attachments/1cec78b87f7ff4f7a1c10b530be4262d/778effcd/vsl.jpg.webp?ts=1654586294&userId=usrF6kLgBaja75CMj&cs=34f4cf9d17f3b23b",
          "filename": "vsl.jpg.webp",
          "size": 114278,
          "type": "image/webp",
          "thumbnails": {
            "small": {
              "url": "https://dl.airtable.com/.attachmentThumbnails/73164eabaae4e68aaf603319320d7662/068e7ccd.png?ts=1654586294&userId=usrF6kLgBaja75CMj&cs=e435ee766c836085",
              "width": 82,
              "height": 36
            },
            "large": {
              "url": "https://dl.airtable.com/.attachmentThumbnails/baa547c5a77be9050cfbeb2ce4377a84/787055ce.png?ts=1654586294&userId=usrF6kLgBaja75CMj&cs=c9f30d978a84260b",
              "width": 1170,
              "height": 512
            },
            "full": {
              "url": "https://dl.airtable.com/.attachmentThumbnails/41c62aabedccd715babd2dcd37d36b3b/6fc6a9d1.png?ts=1654586294&userId=usrF6kLgBaja75CMj&cs=b04719970db62f80",
              "width": 3000,
              "height": 3000
            }
          }
        }
      ],
      "Nom complet Produit pour formulaire de Mouvement de Stock": "pièce brute 270 g-VÉRITABLE SAUCISSON DE LYON 270 G ENVION - BIO//Patrimoniam//ADEFINIR24.00859",
      "Prix de vente typeform € TTC": 25.9,
      "DESIGNATION TYPEFORM": "Véritable Saucisson de Lyon 270 g envion - 270g - BIO // 25.90€",
      "Hypothèse 15% marge px pro": 25.69235294117647,
      "CATEGORIE/TYPE": "Charcuteries et salaisons>Salaisons",
      "Condi.": "pièce brute\n270 g",
      "Disponibilité": "Nous consulter",
      "PRODUCTEUR": "PATRIMONIAM",
      "Spécificités": "Porc",
      "Désignation Produit": "VÉRITABLE SAUCISSON DE LYON 270 G ENVION - BIO - pièce brute 270 g",
      "Désignation Produit 1 ligne": "VÉRITABLE SAUCISSON DE LYON 270 G ENVION - BIO - pièce brute 270 g",
      "Unité de vente détaillée": "1 X 270 g",
      "Délais d'appro (jours) (from FOURNISSEUR)": "6",
      "Nom de la Société (from FOURNISSEUR)": "Patrimoniam",
      "Descriptif Producteur (from FOURNISSEUR)": "Nous sommes Sophie, Stéphane et Frédéric, la brigade du goût! Sophie, organisatrice de réceptions pour entreprises, se charge dorénavant de la partie commerciale, administrative et financière de notre maison. Stéphane, chef de production puis directeur d’établissement en restauration, est quant à lui “l’homme clef” puisque c’est entre ses mains (ou ses couteaux!) que sont triées les viandes ensuite transformées en saucissons crus ou secs. Frédéric, c’est l’expert en marketing et fervent défenseur des bons produits. Ancré dans le monde de la gastronomie, il a tissé au fil de son parcours professionnel un réseau conséquent d’acteurs du secteur agroalimentaire. Engagés dans cette aventure où nous nous reconnaissons en tant qu’entrepreneurs, parents, mais aussi citoyen, nous avons avant tout l’envie de vous transmettre ce qui nous lie: le bon et le bien-manger!",
      "Photos Producteurs (from FOURNISSEUR)": [
        {
          "id": "attdLH8aCNnr0Tjqo",
          "width": 625,
          "height": 417,
          "url": "https://dl.airtable.com/.attachments/ed07e92eff7cb1164f1467742ef63de6/5d9ee901/Patrimonian-Portraits.jpg.webp?ts=1654586294&userId=usrF6kLgBaja75CMj&cs=9dba78d68a2e5a93",
          "filename": "Patrimonian-Portraits.jpg.webp",
          "size": 26914,
          "type": "image/webp",
          "thumbnails": {
            "small": {
              "url": "https://dl.airtable.com/.attachmentThumbnails/a63e875f98c0d373126dfd03ead9c0cf/99186dc5.png?ts=1654586294&userId=usrF6kLgBaja75CMj&cs=444c679eefb5a5d9",
              "width": 54,
              "height": 36
            },
            "large": {
              "url": "https://dl.airtable.com/.attachmentThumbnails/d315d84a8b728badd02237abde7a9788/a985be22.png?ts=1654586294&userId=usrF6kLgBaja75CMj&cs=5074890b6be35e4a",
              "width": 625,
              "height": 417
            },
            "full": {
              "url": "https://dl.airtable.com/.attachmentThumbnails/e32c8175e9a93862285db8d9b6c75c61/aba50ba0.png?ts=1654586294&userId=usrF6kLgBaja75CMj&cs=aff1ad6337b35a32",
              "width": 3000,
              "height": 3000
            }
          }
        },
        {
          "id": "attuEMVJrcML17eq3",
          "width": 800,
          "height": 442,
          "url": "https://dl.airtable.com/.attachments/6b8a94a829379a6e85453136ac8bf169/7f3d57bb/veritable-saucisson-de-lyon-bio-patrimoniam-2.jpg.webp?ts=1654586294&userId=usrF6kLgBaja75CMj&cs=36e3ffeaeb3e2d5f",
          "filename": "veritable-saucisson-de-lyon-bio-patrimoniam-2.jpg.webp",
          "size": 26744,
          "type": "image/webp",
          "thumbnails": {
            "small": {
              "url": "https://dl.airtable.com/.attachmentThumbnails/35fab90f902e2054d985fc811267f9fa/b5f6edd8.png?ts=1654586294&userId=usrF6kLgBaja75CMj&cs=23a8ec3ecfdb181c",
              "width": 65,
              "height": 36
            },
            "large": {
              "url": "https://dl.airtable.com/.attachmentThumbnails/469f589f6b21982dab360ff2ad782c42/efd1bf9c.png?ts=1654586294&userId=usrF6kLgBaja75CMj&cs=f8858c3a301a2c14",
              "width": 800,
              "height": 442
            },
            "full": {
              "url": "https://dl.airtable.com/.attachmentThumbnails/9244b2b627f8122d6f27f42ef99d9713/554006e6.png?ts=1654586294&userId=usrF6kLgBaja75CMj&cs=f0b5036f97a9802c",
              "width": 3000,
              "height": 3000
            }
          }
        },
        {
          "id": "attUUtbjQ4aQs9cz7",
          "width": 800,
          "height": 442,
          "url": "https://dl.airtable.com/.attachments/a6b8d15cda09de0368ce2697032609ae/b386848b/veritable-saucisson-de-lyon-bio-patrimoniam-5.jpg.webp?ts=1654586294&userId=usrF6kLgBaja75CMj&cs=d4e52199381bf9f5",
          "filename": "veritable-saucisson-de-lyon-bio-patrimoniam-5.jpg.webp",
          "size": 30040,
          "type": "image/webp",
          "thumbnails": {
            "small": {
              "url": "https://dl.airtable.com/.attachmentThumbnails/e16016ef355e1106ee460837895304f8/8ef9ebba.png?ts=1654586294&userId=usrF6kLgBaja75CMj&cs=05aa46272f6f27c3",
              "width": 65,
              "height": 36
            },
            "large": {
              "url": "https://dl.airtable.com/.attachmentThumbnails/64bf4acd376280c0440cb33189a89c66/d259f04d.png?ts=1654586294&userId=usrF6kLgBaja75CMj&cs=7f047cc3d6abe8b0",
              "width": 800,
              "height": 442
            },
            "full": {
              "url": "https://dl.airtable.com/.attachmentThumbnails/055b61b22b59f9a330acbf7ba1fd649c/a241c3cb.png?ts=1654586294&userId=usrF6kLgBaja75CMj&cs=92c9e3c97a6caac2",
              "width": 3000,
              "height": 3000
            }
          }
        },
        {
          "id": "att0AHDUBS0xmEO46",
          "width": 800,
          "height": 442,
          "url": "https://dl.airtable.com/.attachments/c8f35667c84fcfe642b7395a195e2c01/eb32afa4/image.jpg.webp?ts=1654586294&userId=usrF6kLgBaja75CMj&cs=86f244889e114b07",
          "filename": "image.jpg.webp",
          "size": 38996,
          "type": "image/webp",
          "thumbnails": {
            "small": {
              "url": "https://dl.airtable.com/.attachmentThumbnails/5ed37037f1e7c72ba285a0a5bdc8beda/59dc52ca.png?ts=1654586294&userId=usrF6kLgBaja75CMj&cs=3ddd20d1f05a6f82",
              "width": 65,
              "height": 36
            },
            "large": {
              "url": "https://dl.airtable.com/.attachmentThumbnails/1b78bae5686e83183ba86f6c82b974be/17734fbd.png?ts=1654586294&userId=usrF6kLgBaja75CMj&cs=7c2b2c45b4538022",
              "width": 800,
              "height": 442
            },
            "full": {
              "url": "https://dl.airtable.com/.attachmentThumbnails/8842ca9fd4b7ce4403b60e5b7d1b6827/a2188914.png?ts=1654586294&userId=usrF6kLgBaja75CMj&cs=910da8cd9dd047e4",
              "width": 3000,
              "height": 3000
            }
          }
        }
      ],
      "Label (from FOURNISSEUR)": ["AB"],
      "LABEL LOGO (from FOURNISSEUR)": [
        {
          "id": "atthdViQyZ14LUu8l",
          "width": 1335,
          "height": 606,
          "url": "https://dl.airtable.com/.attachments/0d38d4bd251d74a58a370972d36e2d16/bbd1e6dd/Capture-2.png?ts=1654586294&userId=usrF6kLgBaja75CMj&cs=5613e82b554bf6db",
          "filename": "Capture-2.png",
          "size": 105113,
          "type": "image/png",
          "thumbnails": {
            "small": {
              "url": "https://dl.airtable.com/.attachmentThumbnails/d29e6895f30966e9dd650c26d42c694c/528b8acc?ts=1654586294&userId=usrF6kLgBaja75CMj&cs=4a7960b96ffd4eb6",
              "width": 79,
              "height": 36
            },
            "large": {
              "url": "https://dl.airtable.com/.attachmentThumbnails/43bc2d03176c12b59a06a15126d895c5/2d781fa8?ts=1654586294&userId=usrF6kLgBaja75CMj&cs=2d8a117035c3edfd",
              "width": 1128,
              "height": 512
            },
            "full": {
              "url": "https://dl.airtable.com/.attachmentThumbnails/c10f50df2e56d08c78870d0f258cabc7/c7210777?ts=1654586294&userId=usrF6kLgBaja75CMj&cs=bd975310d2340565",
              "width": 3000,
              "height": 3000
            }
          }
        }
      ],
      "Département (from FOURNISSEUR)": ["RHÔNE"],
      "Code Postal (from FOURNISSEUR)": "69140",
      "Ville (from FOURNISSEUR)": "Rillieux-la-pape",
      "STOCK DISPO (from Passerelle Stock vers BDD Produits/Producteurs)": "0",
      "Import CSV Shopify": "ADEFINIR24.00859",
      "Localisation (from FOURNISSEUR)": "69140 - RILLIEUX-LA-PAPE - RHÔNE"
    },
    "name": "Véritable Saucisson de Lyon 270 g envion",
    "weight": "pièce brute 270 g",
    "price": "13.80",
    "pricePerKg": "51.11",
    "stock": "Nous consulter",
    "picture": "https://dl.airtable.com/.attachments/d23fcc4776a7e8903da19dc52481171b/f62d3fd4/patrimoniam-removebg-preview.png?ts=1654586294&userId=usrF6kLgBaja75CMj&cs=59b768d0d39fbb06"
  },
  {
    "id": "rec8MZghXJyjEn3Qz",
    "info": {
      "Code Produit QotQot": "FR42.0006.00115",
      "FOURNISSEUR": "Charles Chocolartisan",
      "Produit": "SPECULOOS - Pâte à tartiner Spéculoos pur avec morceaux",
      "Catégorie": ["Épicerie sucrée"],
      "Type": ["Pâtes à tartiner"],
      "Spécificité": "Speculoos",
      "Statut": "Référencé",
      "Dispo": "En stock",
      "Prix d'achat unitaire €HT": 10.25,
      "Descriptif Produit": "Ingrédients : \nDes spéculoos 61% (Farine de BLE (GLUTEN), sucre, huile de colza, BEURRE concentré, sirop de candi, poudre à lever : carbonate acide de sodium, sel, cannelle), un mélange d’huile de tournesol et beurre de cacao, du sucre et un émulsifiant : de la lécithine de tournesol. \nLes valeurs nutritionnelles pour 100g : Energie 595 kcal (2479 kJ), Matières grasses 40g dont acides gras saturés 7,9g, Glucides 56g dont sucres 31g, Protéines 3,4g, Fibres 0,9g, Sel 0,51g. \nSans huile de palme, à tartiner sans modération !",
      "Image produits sans fond": [
        {
          "id": "attnWFujhymp9Xz4b",
          "width": 500,
          "height": 500,
          "url": "https://dl.airtable.com/.attachments/0ab325dfdcc4ee52d2de9b467417ec5b/8ed0aeda/pate-a-tartiner-charles-chocolartisan-speculoos-crunchy-1_1-kg-removebg-preview1.png?ts=1654586294&userId=usrF6kLgBaja75CMj&cs=5d736db410c74e84",
          "filename": "pate-a-tartiner-charles-chocolartisan-speculoos-crunchy-1_1-kg-removebg-preview(1).png",
          "size": 99146,
          "type": "image/png",
          "thumbnails": {
            "small": {
              "url": "https://dl.airtable.com/.attachmentThumbnails/6203c5a8ab18550f2074779380938e76/d5f2050c?ts=1654586294&userId=usrF6kLgBaja75CMj&cs=6541fd623b214160",
              "width": 36,
              "height": 36
            },
            "large": {
              "url": "https://dl.airtable.com/.attachmentThumbnails/35d6396cbfdb65502d21455eacae883b/0ab50bb8?ts=1654586294&userId=usrF6kLgBaja75CMj&cs=993ee02c6e6f1a49",
              "width": 500,
              "height": 500
            },
            "full": {
              "url": "https://dl.airtable.com/.attachmentThumbnails/c74e75390ee27624559efc94ac412022/d7d4685b?ts=1654586294&userId=usrF6kLgBaja75CMj&cs=bff0a3ead90b6cef",
              "width": 3000,
              "height": 3000
            }
          }
        }
      ],
      "EAN 13": { "text": "3 700 774 300 487" },
      "DDM (mois)": 12,
      "UVC - Conditionnement": "Pot PET",
      "UVC - Poids/vol": 1.1,
      "UVC - Unité": "kg",
      "Prix d'achat kg/g/L €HT": 9.318181818181817,
      "Unité d'achat(X*UV)": 6,
      "Tx TVA": 0.055,
      "Produit Pro": true,
      "Tarif Particulier TTC": 17.302,
      "numéro": 115,
      "Code Fournisseur (from Fournisseurs)": "FR42.0006",
      "Département (from Coordonnées Sociétés)": ["LOIRE"],
      "Franco €": "€250",
      "DESIGNATION": "SPECULOOS - PÂTE À TARTINER SPÉCULOOS PUR AVEC MORCEAUX",
      "Conditionnement": "Pot PET 1.1 kg",
      "Tarif Pro (HT)": 15.375,
      "Tarif Pro (HT) au Kg/L": 13.977272727272727,
      "Unité Vente": 1,
      "Tarif Particulier TTC Arrondi": 17.400000000000002,
      "Image produits avec fond": [
        {
          "id": "attC5ofjGC7aGidQJ",
          "width": 500,
          "height": 500,
          "url": "https://dl.airtable.com/.attachments/bc0ff0732a084cb45e73610bacf14cef/929dd41c/pate-a-tartiner-charles-chocolartisan-speculoos-crunchy-11-kg.jpg?ts=1654586294&userId=usrF6kLgBaja75CMj&cs=71d81abbc5297018",
          "filename": "pate-a-tartiner-charles-chocolartisan-speculoos-crunchy-1;1-kg.jpg",
          "size": 18060,
          "type": "image/jpeg",
          "thumbnails": {
            "small": {
              "url": "https://dl.airtable.com/.attachmentThumbnails/b2207f18fefb89ef263d8cdd135d9310/d86dd6b0?ts=1654586294&userId=usrF6kLgBaja75CMj&cs=5240da017904203c",
              "width": 36,
              "height": 36
            },
            "large": {
              "url": "https://dl.airtable.com/.attachmentThumbnails/28d34bf97390d27e68d169ffcb2e224d/39757bfb?ts=1654586294&userId=usrF6kLgBaja75CMj&cs=3e71541918c525f9",
              "width": 500,
              "height": 500
            },
            "full": {
              "url": "https://dl.airtable.com/.attachmentThumbnails/91d99c16e65d51368ade4e1d7d958ec8/65d7c420?ts=1654586294&userId=usrF6kLgBaja75CMj&cs=6571dea0176b86d0",
              "width": 3000,
              "height": 3000
            }
          }
        }
      ],
      "Nom complet Produit pour formulaire de Mouvement de Stock": "Pot PET 1.1 kg-SPECULOOS - PÂTE À TARTINER SPÉCULOOS PUR AVEC MORCEAUX//Charles Chocolartisan//FR42.0006.00115",
      "Prix de vente € TTC conseillé": 20.5,
      "DESIGNATION TYPEFORM": "SPECULOOS - Pâte à tartiner Spéculoos pur avec morceaux - 1.1kg -  // 0€",
      "Hypothèse 15% marge px pro": 19.083088235294117,
      "CATEGORIE/TYPE": "Épicerie sucrée>Pâtes à tartiner",
      "Condi.": "Pot PET\n1.1 kg",
      "Disponibilité": "En stock",
      "PRODUCTEUR": "CHARLES CHOCOLARTISAN",
      "Spécificités": "Speculoos",
      "Désignation Produit": "SPECULOOS - PÂTE À TARTINER SPÉCULOOS PUR AVEC MORCEAUX - Pot PET 1.1 kg",
      "Désignation Produit 1 ligne": "SPECULOOS - PÂTE À TARTINER SPÉCULOOS PUR AVEC MORCEAUX - Pot PET 1.1 kg",
      "Unité de vente détaillée": "1 X 1.1 kg",
      "Délais d'appro (jours) (from FOURNISSEUR)": "10",
      "Nom de la Société (from FOURNISSEUR)": "Charles Chocolartisan",
      "Descriptif Producteur (from FOURNISSEUR)": "Pâtes à tartiner sans huile de palme.  - des produits trop bons à l'intérieur - avec des ingrédients naturels et de qualité - et un brin d'histoire aussi FABRICATION 100% FRANCAISE ! Le site de production Charles Chocolartisan se situe à Civens, un petit village du département de la Loire, non loin de Saint-Etienne et de Lyon. C’est ici que les plus grands secrets tartinés sont gardés ! Toutes les recettes sont fabriquées sur le territoire ligérien par les petites mains de nos écureuils, avec des matières premières issues de l'agriculture Française, lorsque cela est rendu possible bien sûr (plutôt complexe de cultiver le cacao dans son jardin).   BIENVEILLANCE ! C'est être bienveillant envers ceux et celles qui nous entourent et faire intervenir le plus possible les acteurs locaux. C'est aussi respecter l'environnement en utilisant seulement des produits sains et naturels. Enfin, être bienveillant c'est aussi prendre soin de TA santé, et celle de tous nos gourmands avec des pâtes à tartiner sans conservateur, sans arôme artificiel, sans additif chimique et SANS HUILE DE PALME. Roland CHARLES est chocolatier artisan depuis 2005. MAITRE ARTISAN",
      "Photos Producteurs (from FOURNISSEUR)": [
        {
          "id": "attlyCwSWsJVVaZIA",
          "width": 5184,
          "height": 3456,
          "url": "https://dl.airtable.com/.attachments/6eddd894aefe0270b2280f1454e78a73/f3e491d7/Made_In_Craft_spread?ts=1654586294&userId=usrF6kLgBaja75CMj&cs=c13819b84cfaff20",
          "filename": "Made_In_Craft_spread",
          "size": 2141430,
          "type": "image/jpeg",
          "thumbnails": {
            "small": {
              "url": "https://dl.airtable.com/.attachmentThumbnails/de6c90224f0151739c12abd7467357fd/c2bc654e?ts=1654586294&userId=usrF6kLgBaja75CMj&cs=96ce4f8bf32640fc",
              "width": 54,
              "height": 36
            },
            "large": {
              "url": "https://dl.airtable.com/.attachmentThumbnails/6bd8ecb64b9e96498a2fe1ee79e6f4d0/0b0c54db?ts=1654586294&userId=usrF6kLgBaja75CMj&cs=fcfa2d0146a5093e",
              "width": 768,
              "height": 512
            },
            "full": {
              "url": "https://dl.airtable.com/.attachmentThumbnails/ae7f4fdf8b25234b63bc4bec1298a6b9/646d8ec8?ts=1654586294&userId=usrF6kLgBaja75CMj&cs=4c70505f8b89b0b4",
              "width": 3000,
              "height": 3000
            }
          }
        }
      ],
      "Label (from FOURNISSEUR)": ["Maitre Artisan"],
      "LABEL LOGO (from FOURNISSEUR)": [
        {
          "id": "atteoANboPg1rt7qO",
          "width": 500,
          "height": 500,
          "url": "https://dl.airtable.com/.attachments/1666ef036bbf7ef0f736298627086a50/e835b947/d11187.png?ts=1654586294&userId=usrF6kLgBaja75CMj&cs=940682eef8138829",
          "filename": "d11187.png",
          "size": 24032,
          "type": "image/png",
          "thumbnails": {
            "small": {
              "url": "https://dl.airtable.com/.attachmentThumbnails/f4f7d5dbba88423af7f3d4db934f11bb/c318ffd2?ts=1654586294&userId=usrF6kLgBaja75CMj&cs=cc6c831b7b19ce6e",
              "width": 36,
              "height": 36
            },
            "large": {
              "url": "https://dl.airtable.com/.attachmentThumbnails/cc82b4b4a4afecd526f70be6b662d042/45f6edb2?ts=1654586294&userId=usrF6kLgBaja75CMj&cs=d98956868f0bdab5",
              "width": 500,
              "height": 500
            },
            "full": {
              "url": "https://dl.airtable.com/.attachmentThumbnails/e814e533d08305a5ca64aa5ee51b3c2c/8aa2f1a8?ts=1654586294&userId=usrF6kLgBaja75CMj&cs=5873acc6a6e85048",
              "width": 3000,
              "height": 3000
            }
          }
        }
      ],
      "Département (from FOURNISSEUR)": ["LOIRE"],
      "Code Postal (from FOURNISSEUR)": "42110",
      "Ville (from FOURNISSEUR)": "CIVENS",
      "STOCK DISPO (from Passerelle Stock vers BDD Produits/Producteurs)": "6",
      "Option 1": "Très Grand",
      "Localisation (from FOURNISSEUR)": "42110 - CIVENS - LOIRE"
    },
    "name": "SPECULOOS - Pâte à tartiner Spéculoos pur avec morceaux",
    "weight": "Pot PET 1.1 kg",
    "price": "10.25",
    "pricePerKg": "9.32",
    "stock": "En stock",
    "picture": "https://dl.airtable.com/.attachments/0ab325dfdcc4ee52d2de9b467417ec5b/8ed0aeda/pate-a-tartiner-charles-chocolartisan-speculoos-crunchy-1_1-kg-removebg-preview1.png?ts=1654586294&userId=usrF6kLgBaja75CMj&cs=5d736db410c74e84"
  },
  {
    "id": "rec8eMZF38EEz6FhA",
    "info": {
      "Code Produit QotQot": "FR69.0025.00558",
      "FOURNISSEUR": "Madivin",
      "Produit": "James - Rouge - Ventoux - 2018",
      "Catégorie": ["Boissons Alcoolisés"],
      "Type": ["Vins"],
      "Spécificité": "Rouge",
      "Statut": "Référencé",
      "Dispo": "En stock",
      "Prix d'achat unitaire €HT": 6.55,
      "Descriptif Produit": "Rouge élégant et généreux : Carignan, Grenache, Mourvèdre, Syrah",
      "Image produits sans fond": [
        {
          "id": "attJZSGhrBGpilmk0",
          "width": 407,
          "height": 612,
          "url": "https://dl.airtable.com/.attachments/fa8025ddeae93a56667eb76c9bfb5c19/c3764c15/James.png?ts=1654586294&userId=usrF6kLgBaja75CMj&cs=46f33f33c08a2850",
          "filename": "James.png",
          "size": 123930,
          "type": "image/png",
          "thumbnails": {
            "small": {
              "url": "https://dl.airtable.com/.attachmentThumbnails/754f865b2155abbd012d755665b4195b/cc73986b?ts=1654586294&userId=usrF6kLgBaja75CMj&cs=05851436c0d4c71f",
              "width": 24,
              "height": 36
            },
            "large": {
              "url": "https://dl.airtable.com/.attachmentThumbnails/b2af04c1a05098064e8e672dbab6305b/18111ce3?ts=1654586294&userId=usrF6kLgBaja75CMj&cs=6e6a6602d9dfa40f",
              "width": 407,
              "height": 612
            },
            "full": {
              "url": "https://dl.airtable.com/.attachmentThumbnails/250b57d094785cef9f9134426fd56dda/59dabfdc?ts=1654586294&userId=usrF6kLgBaja75CMj&cs=84d027f71e9aeba4",
              "width": 3000,
              "height": 3000
            }
          }
        }
      ],
      "SIQO": ["BIO"],
      "UVC - Conditionnement": "bouteille verre",
      "UVC - Poids/vol": 0.75,
      "UVC - Unité": "L",
      "Prix d'achat kg/g/L €HT": 8.733333333333333,
      "Unité d'achat(X*UV)": 6,
      "Tx TVA": 0.2,
      "Produit Pro": true,
      "Produit Particulier": true,
      "Tarif Particulier TTC": 12.576,
      "numéro": 558,
      "Code Fournisseur (from Fournisseurs)": "FR69.0025",
      "Département (from Coordonnées Sociétés)": ["RHÔNE"],
      "DESIGNATION": "JAMES - ROUGE - VENTOUX - 2018 - BIO",
      "Conditionnement": "bouteille verre 0.75 L",
      "Tarif Pro (HT)": 9.825,
      "Tarif Pro (HT) au Kg/L": 13.1,
      "Unité Vente": 6,
      "Tarif Particulier TTC Arrondi": 12.600000000000001,
      "LABEL": [
        {
          "id": "attdzLJnjcNd0rRmE",
          "width": 1335,
          "height": 606,
          "url": "https://dl.airtable.com/.attachments/0e9e633af4f109241b1f6cc70f2cb0bc/fe8d7a9e/Capture-2.png?ts=1654586294&userId=usrF6kLgBaja75CMj&cs=aea7a14f8a72c9bc",
          "filename": "Capture-2.png",
          "size": 105113,
          "type": "image/png",
          "thumbnails": {
            "small": {
              "url": "https://dl.airtable.com/.attachmentThumbnails/5e394e47a9ef364059f4dd554b2473c3/1cd419bf?ts=1654586294&userId=usrF6kLgBaja75CMj&cs=2215178bbd0704ff",
              "width": 79,
              "height": 36
            },
            "large": {
              "url": "https://dl.airtable.com/.attachmentThumbnails/e8ae48781a550c1899f42cc102006df4/47cf57c9?ts=1654586294&userId=usrF6kLgBaja75CMj&cs=0f384d2befc8856f",
              "width": 1128,
              "height": 512
            },
            "full": {
              "url": "https://dl.airtable.com/.attachmentThumbnails/4b4f2305169a6254d9ae9f526c9dedef/b11e2141?ts=1654586294&userId=usrF6kLgBaja75CMj&cs=12316e7ecbc90f2c",
              "width": 3000,
              "height": 3000
            }
          }
        }
      ],
      "Image produits avec fond": [
        {
          "id": "attRtN4DCTNUmawMK",
          "width": 179,
          "height": 602,
          "url": "https://dl.airtable.com/.attachments/4f894b1577218de3d67baed6c3374f67/68d70aeb/Captureweb_13-12-2021_162746_madivin.fr.jpeg?ts=1654586294&userId=usrF6kLgBaja75CMj&cs=f021e4a1178f486b",
          "filename": "Capture web_13-12-2021_162746_madivin.fr.jpeg",
          "size": 21797,
          "type": "image/jpeg",
          "thumbnails": {
            "small": {
              "url": "https://dl.airtable.com/.attachmentThumbnails/2501719476af418dd9e8d61d0238ac44/491b0f1f?ts=1654586294&userId=usrF6kLgBaja75CMj&cs=3567b35dbaddfdcc",
              "width": 11,
              "height": 36
            },
            "large": {
              "url": "https://dl.airtable.com/.attachmentThumbnails/a276082ce4f1db37c02d59e9d9e771a4/09926870?ts=1654586294&userId=usrF6kLgBaja75CMj&cs=1ae7f54d049f37ed",
              "width": 179,
              "height": 602
            },
            "full": {
              "url": "https://dl.airtable.com/.attachmentThumbnails/f7b78ed284cec9f974b0d22b198ebbfb/5f863da4?ts=1654586294&userId=usrF6kLgBaja75CMj&cs=8ff110b4d96deb9d",
              "width": 3000,
              "height": 3000
            }
          }
        }
      ],
      "Nom complet Produit pour formulaire de Mouvement de Stock": "bouteille verre 0.75 L-JAMES - ROUGE - VENTOUX - 2018 - BIO//Madivin//FR69.0025.00558",
      "Prix de vente typeform € TTC": 12.1,
      "DESIGNATION TYPEFORM": "James - Rouge - Ventoux - 2018 - 0.75L - BIO // 12.10€",
      "Hypothèse 15% marge px pro": 13.870588235294116,
      "CATEGORIE/TYPE": "Boissons Alcoolisés>Vins",
      "Condi.": "bouteille verre\n0.75 L",
      "Disponibilité": "En stock",
      "PRODUCTEUR": "MADIVIN",
      "Spécificités": "Rouge",
      "Commande Fournisseurs": "FR69.0025-23/03/2022",
      "Désignation Produit": "JAMES - ROUGE - VENTOUX - 2018 - BIO - bouteille verre 0.75 L",
      "Désignation Produit 1 ligne": "JAMES - ROUGE - VENTOUX - 2018 - BIO - bouteille verre 0.75 L",
      "Unité de vente détaillée": "6 X 0.75 L",
      "Délais d'appro (jours) (from FOURNISSEUR)": "6",
      "Nom de la Société (from FOURNISSEUR)": "Madivin",
      "Descriptif Producteur (from FOURNISSEUR)": "Elle s’est imposée comme une évidence, cette volonté de présenter des gens. Brutalement. Plus que les terroirs et les appellations, ce sont les vignerons que nous décidons de raconter dans nos vins. Ces hommes et ces femmes, leur travail et leur singularité, c’est ça que nous défendons.",
      "Photos Producteurs (from FOURNISSEUR)": [
        {
          "id": "attLKxVhdqjFj90kf",
          "width": 305,
          "height": 212,
          "url": "https://dl.airtable.com/.attachments/7f90d076aa04714fd0772a8392eaac4b/b632b397/Thomas-Gautier-Madivin.png?ts=1654586294&userId=usrF6kLgBaja75CMj&cs=afd76fd51a206141",
          "filename": "Thomas-Gautier-Madivin.png",
          "size": 14202,
          "type": "image/png",
          "thumbnails": {
            "small": {
              "url": "https://dl.airtable.com/.attachmentThumbnails/17d528aaec32cbabc27326d088d347bd/2e41ec93?ts=1654586294&userId=usrF6kLgBaja75CMj&cs=aca770e3d148cfc8",
              "width": 52,
              "height": 36
            },
            "large": {
              "url": "https://dl.airtable.com/.attachmentThumbnails/3b2ec13c5a3030a26b74d60876a55f77/8839d902?ts=1654586294&userId=usrF6kLgBaja75CMj&cs=55f9b8773f03c9c5",
              "width": 305,
              "height": 212
            },
            "full": {
              "url": "https://dl.airtable.com/.attachmentThumbnails/1d1571d2a1208d3064fdb00ab50a86c3/c6d5be25?ts=1654586294&userId=usrF6kLgBaja75CMj&cs=ba06f5889fab53ce",
              "width": 3000,
              "height": 3000
            }
          }
        }
      ],
      "Label (from FOURNISSEUR)": ["AB"],
      "LABEL LOGO (from FOURNISSEUR)": [
        {
          "id": "atthdViQyZ14LUu8l",
          "width": 1335,
          "height": 606,
          "url": "https://dl.airtable.com/.attachments/0d38d4bd251d74a58a370972d36e2d16/bbd1e6dd/Capture-2.png?ts=1654586294&userId=usrF6kLgBaja75CMj&cs=5613e82b554bf6db",
          "filename": "Capture-2.png",
          "size": 105113,
          "type": "image/png",
          "thumbnails": {
            "small": {
              "url": "https://dl.airtable.com/.attachmentThumbnails/d29e6895f30966e9dd650c26d42c694c/528b8acc?ts=1654586294&userId=usrF6kLgBaja75CMj&cs=4a7960b96ffd4eb6",
              "width": 79,
              "height": 36
            },
            "large": {
              "url": "https://dl.airtable.com/.attachmentThumbnails/43bc2d03176c12b59a06a15126d895c5/2d781fa8?ts=1654586294&userId=usrF6kLgBaja75CMj&cs=2d8a117035c3edfd",
              "width": 1128,
              "height": 512
            },
            "full": {
              "url": "https://dl.airtable.com/.attachmentThumbnails/c10f50df2e56d08c78870d0f258cabc7/c7210777?ts=1654586294&userId=usrF6kLgBaja75CMj&cs=bd975310d2340565",
              "width": 3000,
              "height": 3000
            }
          }
        }
      ],
      "Département (from FOURNISSEUR)": ["RHÔNE"],
      "Code Postal (from FOURNISSEUR)": "69002",
      "Ville (from FOURNISSEUR)": "LYON",
      "STOCK DISPO (from Passerelle Stock vers BDD Produits/Producteurs)": "12",
      "Import CSV Shopify": "FR69.0025.00558",
      "Localisation (from FOURNISSEUR)": "69002 - LYON - RHÔNE"
    },
    "name": "James - Rouge - Ventoux - 2018",
    "weight": "bouteille verre 0.75 L",
    "price": "6.55",
    "pricePerKg": "8.73",
    "stock": "En stock",
    "picture": "https://dl.airtable.com/.attachments/fa8025ddeae93a56667eb76c9bfb5c19/c3764c15/James.png?ts=1654586294&userId=usrF6kLgBaja75CMj&cs=46f33f33c08a2850"
  },
  {
    "id": "rec9Lkyd540yHkzD3",
    "info": {
      "Code Produit QotQot": "FR63.0222.01377",
      "FOURNISSEUR": "CLAC!",
      "Produit": "Crème de Betterave au chèvre frais",
      "Catégorie": ["Épicerie salée"],
      "Type": ["Tartinables"],
      "Spécificité": "Fromages",
      "Statut": "Référencé",
      "Dispo": "En rupture",
      "Prix d'achat unitaire €HT": 2.45,
      "Descriptif Produit": "Découvrez le tartinable apéritif bio, local et artisanal CLAC à base de betterave et de chèvre frais.\n\nLe goût sucré de la betterave se marie ici avec la fraîcheur du fromage de chèvre pour créer une crème onctueuse de couleur rose.\n\nPriorité au circuit-court grâce au partenariat avec une douzaine de producteurs locaux auvergnats. De fortes valeurs pour un apéro réussi !",
      "Image produits sans fond": [
        {
          "id": "atti5jIXyFighRkKR",
          "width": 495,
          "height": 504,
          "url": "https://dl.airtable.com/.attachments/1d9211ae768deb1d592238554063029f/9170ec8d/creme-de-betterave-au-chevre-frais-removebg-preview.png?ts=1654586294&userId=usrF6kLgBaja75CMj&cs=fabaa2c2a8e7a81f",
          "filename": "creme-de-betterave-au-chevre-frais-removebg-preview.png",
          "size": 298020,
          "type": "image/png",
          "thumbnails": {
            "small": {
              "url": "https://dl.airtable.com/.attachmentThumbnails/be16179c5a326b936728d4887bedb55b/459ec00d?ts=1654586294&userId=usrF6kLgBaja75CMj&cs=41f47242f161f0ae",
              "width": 35,
              "height": 36
            },
            "large": {
              "url": "https://dl.airtable.com/.attachmentThumbnails/f59ce534529cf75d7610002741a35358/cd0392dc?ts=1654586294&userId=usrF6kLgBaja75CMj&cs=db4a382edfb7180f",
              "width": 495,
              "height": 504
            },
            "full": {
              "url": "https://dl.airtable.com/.attachmentThumbnails/47abd810126464151e6101554ea2339e/f422eb44?ts=1654586294&userId=usrF6kLgBaja75CMj&cs=469b56881309aa1c",
              "width": 3000,
              "height": 3000
            }
          }
        }
      ],
      "EAN 13": { "text": "3770009413008" },
      "SIQO": ["BIO"],
      "DDM (mois)": 24,
      "UVC - Conditionnement": "bocal verre",
      "UVC - Poids/vol": 100,
      "UVC - Unité": "g",
      "Prix d'achat kg/g/L €HT": 24.5,
      "Unité d'achat(X*UV)": 12,
      "Tx TVA": 0.055,
      "Produit Particulier": true,
      "Tarif Particulier TTC": 4.1356,
      "numéro": 1377,
      "Code Fournisseur (from Fournisseurs)": "FR63.0222",
      "Département (from Coordonnées Sociétés)": ["PUY DE DÔME"],
      "Franco €": "€300",
      "DESIGNATION": "CRÈME DE BETTERAVE AU CHÈVRE FRAIS - BIO",
      "Conditionnement": "bocal verre 100 g",
      "Tarif Pro (HT)": 3.6750000000000003,
      "Tarif Pro (HT) au Kg/L": 36.75000000000001,
      "Unité Vente": 1,
      "Tarif Particulier TTC Arrondi": 4.2,
      "LABEL": [
        {
          "id": "attdzLJnjcNd0rRmE",
          "width": 1335,
          "height": 606,
          "url": "https://dl.airtable.com/.attachments/0e9e633af4f109241b1f6cc70f2cb0bc/fe8d7a9e/Capture-2.png?ts=1654586294&userId=usrF6kLgBaja75CMj&cs=aea7a14f8a72c9bc",
          "filename": "Capture-2.png",
          "size": 105113,
          "type": "image/png",
          "thumbnails": {
            "small": {
              "url": "https://dl.airtable.com/.attachmentThumbnails/5e394e47a9ef364059f4dd554b2473c3/1cd419bf?ts=1654586294&userId=usrF6kLgBaja75CMj&cs=2215178bbd0704ff",
              "width": 79,
              "height": 36
            },
            "large": {
              "url": "https://dl.airtable.com/.attachmentThumbnails/e8ae48781a550c1899f42cc102006df4/47cf57c9?ts=1654586294&userId=usrF6kLgBaja75CMj&cs=0f384d2befc8856f",
              "width": 1128,
              "height": 512
            },
            "full": {
              "url": "https://dl.airtable.com/.attachmentThumbnails/4b4f2305169a6254d9ae9f526c9dedef/b11e2141?ts=1654586294&userId=usrF6kLgBaja75CMj&cs=12316e7ecbc90f2c",
              "width": 3000,
              "height": 3000
            }
          }
        }
      ],
      "Image produits avec fond": [
        {
          "id": "atti5jIXyFighRkKR",
          "width": 495,
          "height": 504,
          "url": "https://dl.airtable.com/.attachments/1d9211ae768deb1d592238554063029f/9170ec8d/creme-de-betterave-au-chevre-frais-removebg-preview.png?ts=1654586294&userId=usrF6kLgBaja75CMj&cs=fabaa2c2a8e7a81f",
          "filename": "creme-de-betterave-au-chevre-frais-removebg-preview.png",
          "size": 298020,
          "type": "image/png",
          "thumbnails": {
            "small": {
              "url": "https://dl.airtable.com/.attachmentThumbnails/be16179c5a326b936728d4887bedb55b/459ec00d?ts=1654586294&userId=usrF6kLgBaja75CMj&cs=41f47242f161f0ae",
              "width": 35,
              "height": 36
            },
            "large": {
              "url": "https://dl.airtable.com/.attachmentThumbnails/f59ce534529cf75d7610002741a35358/cd0392dc?ts=1654586294&userId=usrF6kLgBaja75CMj&cs=db4a382edfb7180f",
              "width": 495,
              "height": 504
            },
            "full": {
              "url": "https://dl.airtable.com/.attachmentThumbnails/47abd810126464151e6101554ea2339e/f422eb44?ts=1654586294&userId=usrF6kLgBaja75CMj&cs=469b56881309aa1c",
              "width": 3000,
              "height": 3000
            }
          }
        }
      ],
      "Nom complet Produit pour formulaire de Mouvement de Stock": "bocal verre 100 g-CRÈME DE BETTERAVE AU CHÈVRE FRAIS - BIO//CLAC!//FR63.0222.01377",
      "Prix de vente € TTC conseillé": 4.2,
      "Prix de vente typeform € TTC": 4.6,
      "DESIGNATION TYPEFORM": "Crème de Betterave au chèvre frais - 100g - BIO // 4.60€",
      "Hypothèse 15% marge px pro": 4.561323529411765,
      "CATEGORIE/TYPE": "Épicerie salée>Tartinables",
      "Condi.": "bocal verre\n100 g",
      "Disponibilité": "En rupture",
      "PRODUCTEUR": "CLAC!",
      "Spécificités": "Fromages",
      "Commande Fournisseurs": "FR63.0222-08/03/2022",
      "Désignation Produit": "CRÈME DE BETTERAVE AU CHÈVRE FRAIS - BIO - bocal verre 100 g",
      "Désignation Produit 1 ligne": "CRÈME DE BETTERAVE AU CHÈVRE FRAIS - BIO - bocal verre 100 g",
      "Unité de vente détaillée": "1 X 100 g",
      "Délais d'appro (jours) (from FOURNISSEUR)": "6",
      "Nom de la Société (from FOURNISSEUR)": "CLAC!",
      "Descriptif Producteur (from FOURNISSEUR)": "Fondée en juillet 2017, CLAC, la Conserverie Locale Artisanale & Créative, imagine et fabrique des tartinables apéritifs à partir d'ingrédients bio & locaux. Nous travaillons avec une quinzaine de producteurs d'Auvergne pour vous offrir des goûts originaux 100% naturels. CLAC, c'est également des légumes cuisinés, des sauces et des soupes fabriqués avec coeur et passion dans notre atelier de Cournon d'Auvergne",
      "Photos Producteurs (from FOURNISSEUR)": [
        {
          "id": "att57lDlQ1Uf8uR6d",
          "width": 480,
          "height": 370,
          "url": "https://dl.airtable.com/.attachments/65f6e5b664a80fc264a63f947393d989/5572920a/julien_Anglade_518eecd7-fccb-433a-b4a1-37db1dbbe0a5_large.PNG?ts=1654586294&userId=usrF6kLgBaja75CMj&cs=c362bb2e91847096",
          "filename": "julien_Anglade_518eecd7-fccb-433a-b4a1-37db1dbbe0a5_large.PNG",
          "size": 277189,
          "type": "image/png",
          "thumbnails": {
            "small": {
              "url": "https://dl.airtable.com/.attachmentThumbnails/8622bbda081521db50632334635c4541/a78bc5c1?ts=1654586294&userId=usrF6kLgBaja75CMj&cs=723722741647c0d6",
              "width": 47,
              "height": 36
            },
            "large": {
              "url": "https://dl.airtable.com/.attachmentThumbnails/971526aafba7c228407ab0ec1523c864/0559e2c0?ts=1654586294&userId=usrF6kLgBaja75CMj&cs=3b686b1c31661aa7",
              "width": 480,
              "height": 370
            },
            "full": {
              "url": "https://dl.airtable.com/.attachmentThumbnails/98ab59b9f44b1fcd993d894af39996b5/bbccdbb1?ts=1654586294&userId=usrF6kLgBaja75CMj&cs=a9909762992aff14",
              "width": 3000,
              "height": 3000
            }
          }
        }
      ],
      "Label (from FOURNISSEUR)": ["AB"],
      "LABEL LOGO (from FOURNISSEUR)": [
        {
          "id": "atthdViQyZ14LUu8l",
          "width": 1335,
          "height": 606,
          "url": "https://dl.airtable.com/.attachments/0d38d4bd251d74a58a370972d36e2d16/bbd1e6dd/Capture-2.png?ts=1654586294&userId=usrF6kLgBaja75CMj&cs=5613e82b554bf6db",
          "filename": "Capture-2.png",
          "size": 105113,
          "type": "image/png",
          "thumbnails": {
            "small": {
              "url": "https://dl.airtable.com/.attachmentThumbnails/d29e6895f30966e9dd650c26d42c694c/528b8acc?ts=1654586294&userId=usrF6kLgBaja75CMj&cs=4a7960b96ffd4eb6",
              "width": 79,
              "height": 36
            },
            "large": {
              "url": "https://dl.airtable.com/.attachmentThumbnails/43bc2d03176c12b59a06a15126d895c5/2d781fa8?ts=1654586294&userId=usrF6kLgBaja75CMj&cs=2d8a117035c3edfd",
              "width": 1128,
              "height": 512
            },
            "full": {
              "url": "https://dl.airtable.com/.attachmentThumbnails/c10f50df2e56d08c78870d0f258cabc7/c7210777?ts=1654586294&userId=usrF6kLgBaja75CMj&cs=bd975310d2340565",
              "width": 3000,
              "height": 3000
            }
          }
        }
      ],
      "Département (from FOURNISSEUR)": ["PUY DE DÔME"],
      "Code Postal (from FOURNISSEUR)": "63800",
      "Ville (from FOURNISSEUR)": "COURNON D'AUVERGNE",
      "STOCK DISPO (from Passerelle Stock vers BDD Produits/Producteurs)": "0",
      "Import CSV Shopify": "FR63.0222.01377",
      "Localisation (from FOURNISSEUR)": "63800 - COURNON D'AUVERGNE - PUY DE DÔME"
    },
    "name": "Crème de Betterave au chèvre frais",
    "weight": "bocal verre 100 g",
    "price": "2.45",
    "pricePerKg": "24.50",
    "stock": "En rupture",
    "picture": "https://dl.airtable.com/.attachments/1d9211ae768deb1d592238554063029f/9170ec8d/creme-de-betterave-au-chevre-frais-removebg-preview.png?ts=1654586294&userId=usrF6kLgBaja75CMj&cs=fabaa2c2a8e7a81f"
  },
  {
    "id": "recAF7l6TEPJJ4pw5",
    "info": {
      "Code Produit QotQot": "FR69.0026.00052",
      "FOURNISSEUR": "Biscuits et Gourmandises",
      "Produit": "Cookies caramel beurre salé",
      "Catégorie": ["Épicerie sucrée"],
      "Type": ["Biscuiterie"],
      "Spécificité": "Caramel",
      "Statut": "Référencé",
      "Dispo": "En stock",
      "Prix d'achat unitaire €HT": 1.9,
      "Image produits sans fond": [
        {
          "id": "att9fk8PMjhrKigE9",
          "width": 408,
          "height": 612,
          "url": "https://dl.airtable.com/.attachments/2ce1510a7ee9f8b115747c85cff0ff82/a9443ed1/cookiescaramel.png?ts=1654586294&userId=usrF6kLgBaja75CMj&cs=3c34346f6bd672eb",
          "filename": "cookies caramel.png",
          "size": 193113,
          "type": "image/png",
          "thumbnails": {
            "small": {
              "url": "https://dl.airtable.com/.attachmentThumbnails/9dfceff99adf139fc5e3a59f1da95173/7b3da572?ts=1654586294&userId=usrF6kLgBaja75CMj&cs=ef647e8d1c2c473b",
              "width": 24,
              "height": 36
            },
            "large": {
              "url": "https://dl.airtable.com/.attachmentThumbnails/5dc8c1fc25fa3761ef23c8450b37d840/bda4cbcd?ts=1654586294&userId=usrF6kLgBaja75CMj&cs=37a9c7e8e322af9e",
              "width": 408,
              "height": 612
            },
            "full": {
              "url": "https://dl.airtable.com/.attachmentThumbnails/3bd0aa82cf63afd6a4d355fa2abf3d12/0e142447?ts=1654586294&userId=usrF6kLgBaja75CMj&cs=eb55cab9e766edda",
              "width": 3000,
              "height": 3000
            }
          }
        }
      ],
      "Référence Fournisseur": "A04 ",
      "UVC - Conditionnement": "sachet",
      "UVC - Poids/vol": 80,
      "UVC - Unité": "g",
      "Prix d'achat kg/g/L €HT": 23.75,
      "Unité d'achat(X*UV)": 1,
      "Tx TVA": 0.055,
      "Produit Pro": true,
      "Produit Particulier": true,
      "Tarif Particulier TTC": 3.2072,
      "numéro": 52,
      "Code Fournisseur (from Fournisseurs)": "FR69.0026",
      "Département (from Coordonnées Sociétés)": ["RHÔNE"],
      "DESIGNATION": "COOKIES CARAMEL BEURRE SALÉ",
      "Conditionnement": "sachet 80 g",
      "Tarif Pro (HT)": 2.8499999999999996,
      "Tarif Pro (HT) au Kg/L": 35.625,
      "Unité Vente": 1,
      "Tarif Particulier TTC Arrondi": 3.3000000000000003,
      "Image produits avec fond": [
        {
          "id": "att9fk8PMjhrKigE9",
          "width": 408,
          "height": 612,
          "url": "https://dl.airtable.com/.attachments/2ce1510a7ee9f8b115747c85cff0ff82/a9443ed1/cookiescaramel.png?ts=1654586294&userId=usrF6kLgBaja75CMj&cs=3c34346f6bd672eb",
          "filename": "cookies caramel.png",
          "size": 193113,
          "type": "image/png",
          "thumbnails": {
            "small": {
              "url": "https://dl.airtable.com/.attachmentThumbnails/9dfceff99adf139fc5e3a59f1da95173/7b3da572?ts=1654586294&userId=usrF6kLgBaja75CMj&cs=ef647e8d1c2c473b",
              "width": 24,
              "height": 36
            },
            "large": {
              "url": "https://dl.airtable.com/.attachmentThumbnails/5dc8c1fc25fa3761ef23c8450b37d840/bda4cbcd?ts=1654586294&userId=usrF6kLgBaja75CMj&cs=37a9c7e8e322af9e",
              "width": 408,
              "height": 612
            },
            "full": {
              "url": "https://dl.airtable.com/.attachmentThumbnails/3bd0aa82cf63afd6a4d355fa2abf3d12/0e142447?ts=1654586294&userId=usrF6kLgBaja75CMj&cs=eb55cab9e766edda",
              "width": 3000,
              "height": 3000
            }
          }
        }
      ],
      "Nom complet Produit pour formulaire de Mouvement de Stock": "sachet 80 g-COOKIES CARAMEL BEURRE SALÉ//Biscuits et Gourmandises//FR69.0026.00052",
      "Prix de vente typeform € TTC": 3.7,
      "DESIGNATION TYPEFORM": "Cookies caramel beurre salé - 80g -  // 3.70€",
      "Hypothèse 15% marge px pro": 3.53735294117647,
      "CATEGORIE/TYPE": "Épicerie sucrée>Biscuiterie",
      "Condi.": "sachet\n80 g",
      "Disponibilité": "En stock",
      "PRODUCTEUR": "BISCUITS ET GOURMANDISES",
      "Spécificités": "Caramel",
      "Commande Fournisseurs": "FR69.0026-10/03/2022",
      "Désignation Produit": "COOKIES CARAMEL BEURRE SALÉ - sachet 80 g",
      "Désignation Produit 1 ligne": "COOKIES CARAMEL BEURRE SALÉ - sachet 80 g",
      "Unité de vente détaillée": "1 X 80 g",
      "Délais d'appro (jours) (from FOURNISSEUR)": "3",
      "Nom de la Société (from FOURNISSEUR)": "Biscuits et Gourmandises",
      "Descriptif Producteur (from FOURNISSEUR)": "Artisans Biscuitiers 100% lyonnais.  Une production de biscuits sains commence par la sélection d’ingrédients de qualité sans colorant ni conservateurs issus de producteurs locaux. Des produits issus de producteurs choisis pour leur savoirs-faires. Toutefois, la qualité particulière des ingrédients ne constituait pas une condition suffisante. Il fallait, de surcroît, qu’ils proviennent de lieux de production situés à moins de 100 km de Lyon, ville où se situe notre atelier. En effet, dès le début de l’aventure, nous avons souhaité inscrire notre démarche dans une logique éco-responsable. Il n’est pas toujours évident d’ailleurs d’associer le local et la qualité, certains ingrédients étant totalement absents du paysage Rhône-alpin (le sucre par exemple, produit exclusivement au nord de la Loire mais aussi, des produits plus exotiques comme la vanille ou la fève de tonka). Au final, selon les recettes, 70 à 75% de nos ingrédients proviennent de producteurs ou fabricants situés à moins de 100 kms de notre atelier. Toujours côté ingrédients, nous avons fait le choix volontaire de n’intégrer aucun additif chimique, aucun conservateur ni aucun arôme artificiel. Nous avons également pris le parti de diminuer le sucre au maximum. En effet, il est souvent le point noir des biscuits les plus couramment vendus dans le commerce. Les ingrédients naturels utilisés suffisent à assurer des saveurs franches et durables. Côtés ingrédients, nous avons pris le temps de rencontrer de nombreux artisans, fabricants ou producteurs. ",
      "Photos Producteurs (from FOURNISSEUR)": [
        {
          "id": "attppXubGSnti3Sh3",
          "width": 1500,
          "height": 1200,
          "url": "https://dl.airtable.com/.attachments/8b61a199d9485a41ce7a427be690db5f/c0318fae/2018-07-03-ISARA-10-ans-incubateur-31.jpg?ts=1654586294&userId=usrF6kLgBaja75CMj&cs=bcfc5403ebf1098f",
          "filename": "2018-07-03-ISARA-10-ans-incubateur-31.jpg",
          "size": 219771,
          "type": "image/jpeg",
          "thumbnails": {
            "small": {
              "url": "https://dl.airtable.com/.attachmentThumbnails/78b73e49e2a653b0b0154fb76ae65be4/860f81ab?ts=1654586294&userId=usrF6kLgBaja75CMj&cs=fd2b05048d7300b5",
              "width": 45,
              "height": 36
            },
            "large": {
              "url": "https://dl.airtable.com/.attachmentThumbnails/afea340757642673ee04d662ad853210/86c2aff3?ts=1654586294&userId=usrF6kLgBaja75CMj&cs=2c3375c46a81f6eb",
              "width": 640,
              "height": 512
            },
            "full": {
              "url": "https://dl.airtable.com/.attachmentThumbnails/ee3e84d32a1e95b770f2fac17d2a617c/bdbf2e15?ts=1654586294&userId=usrF6kLgBaja75CMj&cs=8cb46eaca740dad2",
              "width": 3000,
              "height": 3000
            }
          }
        }
      ],
      "Département (from FOURNISSEUR)": ["RHÔNE"],
      "Code Postal (from FOURNISSEUR)": "69500",
      "Ville (from FOURNISSEUR)": "BRON",
      "STOCK DISPO (from Passerelle Stock vers BDD Produits/Producteurs)": "9",
      "Import CSV Shopify": "FR69.0026.00052",
      "Localisation (from FOURNISSEUR)": "69500 - BRON - RHÔNE"
    },
    "name": "Cookies caramel beurre salé",
    "weight": "sachet 80 g",
    "price": "1.90",
    "pricePerKg": "23.75",
    "stock": "En stock",
    "picture": "https://dl.airtable.com/.attachments/2ce1510a7ee9f8b115747c85cff0ff82/a9443ed1/cookiescaramel.png?ts=1654586294&userId=usrF6kLgBaja75CMj&cs=3c34346f6bd672eb"
  },
  {
    "id": "recAStB2YO1ZZMk3W",
    "info": {
      "Code Produit QotQot": "FR15.0018.00484",
      "FOURNISSEUR": "La lentille Blonde de Saint-Flour",
      "Produit": "Lentilles blondes de St-Flour",
      "Catégorie": ["Épicerie salée"],
      "Type": ["Légumineuses"],
      "Spécificité": "Lentilles",
      "Statut": "Référencé",
      "Dispo": "En stock",
      "Prix d'achat unitaire €HT": 4.85,
      "Descriptif Produit": "La lentille blonde de Saint-Flour est une légumineuse qui ne contient quasiment pas de graisses. Elle est donc légère, 89 kcal/100 g, mais aussi pleine de glucides complexes, qui permettent de rassasier efficacement et d’éviter les petites fringales entre les repas.\n\nAutant dire alors qu’elle est l’alliée de tous ceux qui surveillent leur ligne !!!!",
      "Image produits sans fond": [
        {
          "id": "attanMlrEnfrZQQeA",
          "width": 365,
          "height": 360,
          "url": "https://dl.airtable.com/.attachments/3871d4df886e0a7b75b4b0030a6316c8/6ac141c6/Capture_web_13-12-2021_164336_www.lentille-blonde.fr-removebg-preview.png?ts=1654586294&userId=usrF6kLgBaja75CMj&cs=32fe28ff945cdb26",
          "filename": "Capture_web_13-12-2021_164336_www.lentille-blonde.fr-removebg-preview.png",
          "size": 194697,
          "type": "image/png",
          "thumbnails": {
            "small": {
              "url": "https://dl.airtable.com/.attachmentThumbnails/6e0708a8f2d97a553cf64bd54ed468a3/c3fc7bd0?ts=1654586294&userId=usrF6kLgBaja75CMj&cs=be7cc3d58a5fa041",
              "width": 37,
              "height": 36
            },
            "large": {
              "url": "https://dl.airtable.com/.attachmentThumbnails/8da2af05da6a14185e9e879df44e8d90/0443a0ed?ts=1654586294&userId=usrF6kLgBaja75CMj&cs=e4fa452933c70543",
              "width": 365,
              "height": 360
            },
            "full": {
              "url": "https://dl.airtable.com/.attachmentThumbnails/23b5cadbc98422bf81b76fea9c16f679/a18a1b0d?ts=1654586294&userId=usrF6kLgBaja75CMj&cs=7f27227b859a6b18",
              "width": 3000,
              "height": 3000
            }
          }
        }
      ],
      "UVC - Conditionnement": "sachet",
      "UVC - Poids/vol": 1,
      "UVC - Unité": "kg",
      "Prix d'achat kg/g/L €HT": 4.85,
      "Unité d'achat(X*UV)": 10,
      "Tx TVA": 0.055,
      "Produit Pro": true,
      "Produit Particulier": true,
      "Tarif Particulier TTC": 8.1868,
      "numéro": 484,
      "Code Fournisseur (from Fournisseurs)": "FR15.0018",
      "Département (from Coordonnées Sociétés)": ["CANTAL"],
      "Franco €": "€0",
      "DESIGNATION": "LENTILLES BLONDES DE ST-FLOUR",
      "Conditionnement": "sachet 1 kg",
      "Tarif Pro (HT)": 7.2749999999999995,
      "Tarif Pro (HT) au Kg/L": 7.2749999999999995,
      "Unité Vente": 1,
      "Tarif Particulier TTC Arrondi": 8.200000000000001,
      "Image produits avec fond": [
        {
          "id": "attUUTOeceq47DlWi",
          "width": 365,
          "height": 360,
          "url": "https://dl.airtable.com/.attachments/1f7cdfe00c81ec42699c25cfc2f5aa45/7035216f/Captureweb_13-12-2021_164336_www.lentille-blonde.fr.jpeg?ts=1654586294&userId=usrF6kLgBaja75CMj&cs=1f3475d2d7b2551b",
          "filename": "Capture web_13-12-2021_164336_www.lentille-blonde.fr.jpeg",
          "size": 37509,
          "type": "image/jpeg",
          "thumbnails": {
            "small": {
              "url": "https://dl.airtable.com/.attachmentThumbnails/91059b5b3eef32a2ee28ff460a2555fb/58d67a6d?ts=1654586294&userId=usrF6kLgBaja75CMj&cs=b1d690e35f72dc33",
              "width": 37,
              "height": 36
            },
            "large": {
              "url": "https://dl.airtable.com/.attachmentThumbnails/336a7d58f4ad2f04600db6223e68a70a/a71f1cd5?ts=1654586294&userId=usrF6kLgBaja75CMj&cs=491bf5d0559fd623",
              "width": 365,
              "height": 360
            },
            "full": {
              "url": "https://dl.airtable.com/.attachmentThumbnails/a12c5bd8d508bf18b926d4bde085cd1e/e8b88143?ts=1654586294&userId=usrF6kLgBaja75CMj&cs=018de30987fa8d43",
              "width": 3000,
              "height": 3000
            }
          }
        }
      ],
      "Nom complet Produit pour formulaire de Mouvement de Stock": "sachet 1 kg-LENTILLES BLONDES DE ST-FLOUR//La lentille Blonde de Saint-Flour//FR15.0018.00484",
      "DESIGNATION TYPEFORM": "Lentilles blondes de St-Flour - 1kg -  // 0€",
      "Hypothèse 15% marge px pro": 9.029558823529412,
      "Idée Recette": "Les lentilles sont traditionnellement consommées chaudes (souvent avec de la viande de porc ou de la charcuterie cuite) ou froides (en vinaigrette). On trouve également des gâteaux à base de farine de lentilles.",
      "CATEGORIE/TYPE": "Épicerie salée>Légumineuses",
      "Condi.": "sachet\n1 kg",
      "Disponibilité": "En stock",
      "PRODUCTEUR": "LA LENTILLE BLONDE DE SAINT-FLOUR",
      "Spécificités": "Lentilles",
      "Désignation Produit": "LENTILLES BLONDES DE ST-FLOUR - sachet 1 kg",
      "Désignation Produit 1 ligne": "LENTILLES BLONDES DE ST-FLOUR - sachet 1 kg",
      "Unité de vente détaillée": "1 X 1 kg",
      "Délais d'appro (jours) (from FOURNISSEUR)": "15",
      "Nom de la Société (from FOURNISSEUR)": "La lentille Blonde de Saint-Flour",
      "Descriptif Producteur (from FOURNISSEUR)": "SERGE RAMADIER - Producteur dans le Cantal - Auvergne \"La lentille de Saint-Flour nous apporte, par sa typicité, l’expression réelle du terroir volcanique et montagnard auquel elle appartient\". Une agriculture sociale et solidaire car l’ensemble de notre production est conditionné par l’ESAT de Saint-Flour et ceux depuis 2004",
      "Photos Producteurs (from FOURNISSEUR)": [
        {
          "id": "attgHbrESum7WHiHo",
          "width": 622,
          "height": 301,
          "url": "https://dl.airtable.com/.attachments/94ec70ffda7711f3fd0e5becc92617fe/da4203f8/Serge_Ramadier_producteur_de_lentilles_blondes_a_Saint-Flour_...?ts=1654586294&userId=usrF6kLgBaja75CMj&cs=ea8bbd9443ed6bae",
          "filename": "Serge_Ramadier_producteur_de_lentilles_blondes_a_Saint-Flour_...",
          "size": 29983,
          "type": "image/jpeg",
          "thumbnails": {
            "small": {
              "url": "https://dl.airtable.com/.attachmentThumbnails/c7a681d4f1f679f1a6625f3ed1bbf1be/ceb993cd?ts=1654586294&userId=usrF6kLgBaja75CMj&cs=67da617e6d216220",
              "width": 74,
              "height": 36
            },
            "large": {
              "url": "https://dl.airtable.com/.attachmentThumbnails/f3af92fdb37dde9405b8b5687c53fd4b/041f539f?ts=1654586294&userId=usrF6kLgBaja75CMj&cs=eee66c591515511a",
              "width": 622,
              "height": 301
            },
            "full": {
              "url": "https://dl.airtable.com/.attachmentThumbnails/8e05c1b6ff90d98dd9b0d99da4145ac3/17eaaa37?ts=1654586294&userId=usrF6kLgBaja75CMj&cs=d51e87fffdc72d1f",
              "width": 3000,
              "height": 3000
            }
          }
        }
      ],
      "Label (from FOURNISSEUR)": ["La région du goût"],
      "LABEL LOGO (from FOURNISSEUR)": [
        {
          "id": "att00CpbJDmobHibi",
          "width": 800,
          "height": 800,
          "url": "https://dl.airtable.com/.attachments/29b77a8bbbdea8886f6d92fe8acd2c45/079ba2af/logos_La_region_du_Gout-03.jpg?ts=1654586294&userId=usrF6kLgBaja75CMj&cs=32a95b018ac3f554",
          "filename": "logos_La_region_du_Gout-03.jpg",
          "size": 70362,
          "type": "image/jpeg",
          "thumbnails": {
            "small": {
              "url": "https://dl.airtable.com/.attachmentThumbnails/306061d7cc3ed7de82c1ca15d0df0789/62804379?ts=1654586294&userId=usrF6kLgBaja75CMj&cs=b39cfd205336a91e",
              "width": 36,
              "height": 36
            },
            "large": {
              "url": "https://dl.airtable.com/.attachmentThumbnails/d9105bb7f8fb22fce5080f55fd8ee3a0/327e9284?ts=1654586294&userId=usrF6kLgBaja75CMj&cs=2540ad81aeb58020",
              "width": 512,
              "height": 512
            },
            "full": {
              "url": "https://dl.airtable.com/.attachmentThumbnails/762bbbcf574ed19ffc019a7d533f40f8/66b0d459?ts=1654586294&userId=usrF6kLgBaja75CMj&cs=a02edf4502c61df1",
              "width": 3000,
              "height": 3000
            }
          }
        }
      ],
      "Département (from FOURNISSEUR)": ["CANTAL"],
      "Code Postal (from FOURNISSEUR)": "15100",
      "Ville (from FOURNISSEUR)": "SAINT FLOUR",
      "STOCK DISPO (from Passerelle Stock vers BDD Produits/Producteurs)": "10",
      "Import CSV Shopify": "FR15.0018.00484",
      "Localisation (from FOURNISSEUR)": "15100 - SAINT FLOUR - CANTAL"
    },
    "name": "Lentilles blondes de St-Flour",
    "weight": "sachet 1 kg",
    "price": "4.85",
    "pricePerKg": "4.85",
    "stock": "En stock",
    "picture": "https://dl.airtable.com/.attachments/3871d4df886e0a7b75b4b0030a6316c8/6ac141c6/Capture_web_13-12-2021_164336_www.lentille-blonde.fr-removebg-preview.png?ts=1654586294&userId=usrF6kLgBaja75CMj&cs=32fe28ff945cdb26"
  },
  {
    "id": "recAUqHEdxWkzUP5z",
    "info": {
      "Code Produit QotQot": "FR69.0025.00557",
      "FOURNISSEUR": "Madivin",
      "Produit": "Valentine - Rouge - Côte du Rhône - 2019",
      "Catégorie": ["Boissons Alcoolisés"],
      "Type": ["Vins"],
      "Spécificité": "Rouge",
      "Statut": "Référencé",
      "Dispo": "En stock",
      "Prix d'achat unitaire €HT": 5.75,
      "Descriptif Produit": "Rouge Gourmand et fruité : 65% Grenache, 20% Syrah, 20% Mourvèdre.\nEnherbement naturel et travail du sol, vendange manuelle, vinification classique à basse température, élevage 10 mois en cuve béton.\nCette cuvée est très gourmande, une attaque fraîche, suivi d'arômes de fruits des bois et griottes. A boire sur presque tout !",
      "Image produits sans fond": [
        {
          "id": "attRPNZiBWF2jmDIi",
          "width": 126,
          "height": 358,
          "url": "https://dl.airtable.com/.attachments/d842591d6e135831536c8465e60fb036/07f57b16/Valentine.png?ts=1654586294&userId=usrF6kLgBaja75CMj&cs=1710eab74f0eae45",
          "filename": "Valentine.png",
          "size": 59274,
          "type": "image/png",
          "thumbnails": {
            "small": {
              "url": "https://dl.airtable.com/.attachmentThumbnails/e720e7a3e80ea10e2e4af29fbdcf5459/61f67b3c?ts=1654586294&userId=usrF6kLgBaja75CMj&cs=6464b4f482ae1a8e",
              "width": 13,
              "height": 36
            },
            "large": {
              "url": "https://dl.airtable.com/.attachmentThumbnails/becb6c7b5d3db06e69fa761f09c1b06c/e34da503?ts=1654586294&userId=usrF6kLgBaja75CMj&cs=f74226a9b1960f02",
              "width": 126,
              "height": 358
            },
            "full": {
              "url": "https://dl.airtable.com/.attachmentThumbnails/7b4ff3c731a2694703ec451fb0bcb337/3d065b13?ts=1654586294&userId=usrF6kLgBaja75CMj&cs=aca40894be1c4007",
              "width": 3000,
              "height": 3000
            }
          }
        }
      ],
      "SIQO": ["BIO"],
      "UVC - Conditionnement": "bouteille verre",
      "UVC - Poids/vol": 0.75,
      "UVC - Unité": "L",
      "Prix d'achat kg/g/L €HT": 7.666666666666667,
      "Unité d'achat(X*UV)": 6,
      "Tx TVA": 0.2,
      "Produit Pro": true,
      "Produit Particulier": true,
      "Tarif Particulier TTC": 11.040000000000001,
      "numéro": 557,
      "Code Fournisseur (from Fournisseurs)": "FR69.0025",
      "Département (from Coordonnées Sociétés)": ["RHÔNE"],
      "DESIGNATION": "VALENTINE - ROUGE - CÔTE DU RHÔNE - 2019 - BIO",
      "Conditionnement": "bouteille verre 0.75 L",
      "Tarif Pro (HT)": 8.625,
      "Tarif Pro (HT) au Kg/L": 11.5,
      "Unité Vente": 6,
      "Tarif Particulier TTC Arrondi": 11.100000000000001,
      "LABEL": [
        {
          "id": "attdzLJnjcNd0rRmE",
          "width": 1335,
          "height": 606,
          "url": "https://dl.airtable.com/.attachments/0e9e633af4f109241b1f6cc70f2cb0bc/fe8d7a9e/Capture-2.png?ts=1654586294&userId=usrF6kLgBaja75CMj&cs=aea7a14f8a72c9bc",
          "filename": "Capture-2.png",
          "size": 105113,
          "type": "image/png",
          "thumbnails": {
            "small": {
              "url": "https://dl.airtable.com/.attachmentThumbnails/5e394e47a9ef364059f4dd554b2473c3/1cd419bf?ts=1654586294&userId=usrF6kLgBaja75CMj&cs=2215178bbd0704ff",
              "width": 79,
              "height": 36
            },
            "large": {
              "url": "https://dl.airtable.com/.attachmentThumbnails/e8ae48781a550c1899f42cc102006df4/47cf57c9?ts=1654586294&userId=usrF6kLgBaja75CMj&cs=0f384d2befc8856f",
              "width": 1128,
              "height": 512
            },
            "full": {
              "url": "https://dl.airtable.com/.attachmentThumbnails/4b4f2305169a6254d9ae9f526c9dedef/b11e2141?ts=1654586294&userId=usrF6kLgBaja75CMj&cs=12316e7ecbc90f2c",
              "width": 3000,
              "height": 3000
            }
          }
        }
      ],
      "Image produits avec fond": [
        {
          "id": "attadITfGP8LARD5B",
          "width": 507,
          "height": 365,
          "url": "https://dl.airtable.com/.attachments/8861a193952fa9c7b89fcd58ee5bce34/325bc315/2021-11-045.png?ts=1654586294&userId=usrF6kLgBaja75CMj&cs=50c31f8841453867",
          "filename": "2021-11-04 (5).png",
          "size": 389743,
          "type": "image/png",
          "thumbnails": {
            "small": {
              "url": "https://dl.airtable.com/.attachmentThumbnails/deaba3595996c6e2f5b5c4616d6ef9ca/641532e2?ts=1654586294&userId=usrF6kLgBaja75CMj&cs=b3d9e13145e25171",
              "width": 50,
              "height": 36
            },
            "large": {
              "url": "https://dl.airtable.com/.attachmentThumbnails/0f3d0514e3c7212050d96231e0a3efc9/6b18d48a?ts=1654586294&userId=usrF6kLgBaja75CMj&cs=e5c64bf8718ef801",
              "width": 507,
              "height": 365
            },
            "full": {
              "url": "https://dl.airtable.com/.attachmentThumbnails/37a669a0cf69d2f59208b75badb3e84f/0b15b93d?ts=1654586294&userId=usrF6kLgBaja75CMj&cs=7764702cfde1f728",
              "width": 3000,
              "height": 3000
            }
          }
        }
      ],
      "Nom complet Produit pour formulaire de Mouvement de Stock": "bouteille verre 0.75 L-VALENTINE - ROUGE - CÔTE DU RHÔNE - 2019 - BIO//Madivin//FR69.0025.00557",
      "Prix de vente € TTC conseillé": 9.9,
      "Prix de vente typeform € TTC": 11.8,
      "DESIGNATION TYPEFORM": "Valentine - Rouge - Côte du Rhône - 2019 - 0.75L - BIO // 11.80€",
      "Hypothèse 15% marge px pro": 12.176470588235293,
      "CATEGORIE/TYPE": "Boissons Alcoolisés>Vins",
      "Condi.": "bouteille verre\n0.75 L",
      "Disponibilité": "En stock",
      "PRODUCTEUR": "MADIVIN",
      "Spécificités": "Rouge",
      "Commande Fournisseurs": "FR69.0025-23/03/2022",
      "Désignation Produit": "VALENTINE - ROUGE - CÔTE DU RHÔNE - 2019 - BIO - bouteille verre 0.75 L",
      "Désignation Produit 1 ligne": "VALENTINE - ROUGE - CÔTE DU RHÔNE - 2019 - BIO - bouteille verre 0.75 L",
      "Unité de vente détaillée": "6 X 0.75 L",
      "Délais d'appro (jours) (from FOURNISSEUR)": "6",
      "Nom de la Société (from FOURNISSEUR)": "Madivin",
      "Descriptif Producteur (from FOURNISSEUR)": "Elle s’est imposée comme une évidence, cette volonté de présenter des gens. Brutalement. Plus que les terroirs et les appellations, ce sont les vignerons que nous décidons de raconter dans nos vins. Ces hommes et ces femmes, leur travail et leur singularité, c’est ça que nous défendons.",
      "Photos Producteurs (from FOURNISSEUR)": [
        {
          "id": "attLKxVhdqjFj90kf",
          "width": 305,
          "height": 212,
          "url": "https://dl.airtable.com/.attachments/7f90d076aa04714fd0772a8392eaac4b/b632b397/Thomas-Gautier-Madivin.png?ts=1654586294&userId=usrF6kLgBaja75CMj&cs=afd76fd51a206141",
          "filename": "Thomas-Gautier-Madivin.png",
          "size": 14202,
          "type": "image/png",
          "thumbnails": {
            "small": {
              "url": "https://dl.airtable.com/.attachmentThumbnails/17d528aaec32cbabc27326d088d347bd/2e41ec93?ts=1654586294&userId=usrF6kLgBaja75CMj&cs=aca770e3d148cfc8",
              "width": 52,
              "height": 36
            },
            "large": {
              "url": "https://dl.airtable.com/.attachmentThumbnails/3b2ec13c5a3030a26b74d60876a55f77/8839d902?ts=1654586294&userId=usrF6kLgBaja75CMj&cs=55f9b8773f03c9c5",
              "width": 305,
              "height": 212
            },
            "full": {
              "url": "https://dl.airtable.com/.attachmentThumbnails/1d1571d2a1208d3064fdb00ab50a86c3/c6d5be25?ts=1654586294&userId=usrF6kLgBaja75CMj&cs=ba06f5889fab53ce",
              "width": 3000,
              "height": 3000
            }
          }
        }
      ],
      "Label (from FOURNISSEUR)": ["AB"],
      "LABEL LOGO (from FOURNISSEUR)": [
        {
          "id": "atthdViQyZ14LUu8l",
          "width": 1335,
          "height": 606,
          "url": "https://dl.airtable.com/.attachments/0d38d4bd251d74a58a370972d36e2d16/bbd1e6dd/Capture-2.png?ts=1654586294&userId=usrF6kLgBaja75CMj&cs=5613e82b554bf6db",
          "filename": "Capture-2.png",
          "size": 105113,
          "type": "image/png",
          "thumbnails": {
            "small": {
              "url": "https://dl.airtable.com/.attachmentThumbnails/d29e6895f30966e9dd650c26d42c694c/528b8acc?ts=1654586294&userId=usrF6kLgBaja75CMj&cs=4a7960b96ffd4eb6",
              "width": 79,
              "height": 36
            },
            "large": {
              "url": "https://dl.airtable.com/.attachmentThumbnails/43bc2d03176c12b59a06a15126d895c5/2d781fa8?ts=1654586294&userId=usrF6kLgBaja75CMj&cs=2d8a117035c3edfd",
              "width": 1128,
              "height": 512
            },
            "full": {
              "url": "https://dl.airtable.com/.attachmentThumbnails/c10f50df2e56d08c78870d0f258cabc7/c7210777?ts=1654586294&userId=usrF6kLgBaja75CMj&cs=bd975310d2340565",
              "width": 3000,
              "height": 3000
            }
          }
        }
      ],
      "Département (from FOURNISSEUR)": ["RHÔNE"],
      "Code Postal (from FOURNISSEUR)": "69002",
      "Ville (from FOURNISSEUR)": "LYON",
      "STOCK DISPO (from Passerelle Stock vers BDD Produits/Producteurs)": "8",
      "Import CSV Shopify": "FR69.0025.00557",
      "Localisation (from FOURNISSEUR)": "69002 - LYON - RHÔNE"
    },
    "name": "Valentine - Rouge - Côte du Rhône - 2019",
    "weight": "bouteille verre 0.75 L",
    "price": "5.75",
    "pricePerKg": "7.67",
    "stock": "En stock",
    "picture": "https://dl.airtable.com/.attachments/d842591d6e135831536c8465e60fb036/07f57b16/Valentine.png?ts=1654586294&userId=usrF6kLgBaja75CMj&cs=1710eab74f0eae45"
  },
  {
    "id": "recAjQlPlNETEELDo",
    "info": {
      "Code Produit QotQot": "FR30.0012.00897",
      "FOURNISSEUR": "Riz Canavere Camargue",
      "Produit": "Riz de Camargue IGP long rouge \"Canavere\" - cuisson 18 min",
      "Catégorie": ["Épicerie salée"],
      "Type": ["Riz"],
      "Spécificité": "Rouge",
      "Statut": "Référencé",
      "Dispo": "En stock",
      "Prix d'achat unitaire €HT": 2.67,
      "Descriptif Produit": "Le Riz de Camargue IGP Long Rouge est un riz complet qui à la particularité d’avoir cette belle couleur rouge brunie, complètement naturelle. Ce riz Long Rouge apportera une note d’originalité et de peps à tous vos plats . Une fois cuit il restera ferme et croquant tout en laissant  apparaître un léger goût de noisette. Ce riz complet Rouge fait parti des aliments santé grâce à sa forte teneur en anthocyane, antioxydants, il est reconnu pour faire baisser le taux de sucre dans le sang.",
      "Image produits sans fond": [
        {
          "id": "attvY5AgWZiwOnVf3",
          "width": 498,
          "height": 501,
          "url": "https://dl.airtable.com/.attachments/3a655cd47126ebadfda1e70e4d0bbca9/5d629929/Screenshot_2021-12-02_at_16-08-33_Riz_de_Camargue_Etui_Long_Rouge_IGP_-_Canavere-removebg-preview.png?ts=1654586294&userId=usrF6kLgBaja75CMj&cs=e7d6f2569719144c",
          "filename": "Screenshot_2021-12-02_at_16-08-33_Riz_de_Camargue_Etui_Long_Rouge_IGP_-_Canavere-removebg-preview.png",
          "size": 252168,
          "type": "image/png",
          "thumbnails": {
            "small": {
              "url": "https://dl.airtable.com/.attachmentThumbnails/818f1b122301162d262ac1dc3f287e6c/1b502919?ts=1654586294&userId=usrF6kLgBaja75CMj&cs=18947f45fc417ff9",
              "width": 36,
              "height": 36
            },
            "large": {
              "url": "https://dl.airtable.com/.attachmentThumbnails/595c49a470661dcc11f600a08f0e7ead/6286b877?ts=1654586294&userId=usrF6kLgBaja75CMj&cs=dbc8257138bcfea6",
              "width": 498,
              "height": 501
            },
            "full": {
              "url": "https://dl.airtable.com/.attachmentThumbnails/f958906890274786bb97bca99f2a250d/912f5cdb?ts=1654586294&userId=usrF6kLgBaja75CMj&cs=c5c11c9cad4bdcda",
              "width": 3000,
              "height": 3000
            }
          }
        }
      ],
      "EAN 13": { "text": "3520991920295" },
      "SIQO": ["IGP"],
      "Référence Fournisseur": "0911",
      "UVC - Conditionnement": "sachet",
      "UVC - Poids/vol": 1,
      "UVC - Unité": "kg",
      "Prix d'achat kg/g/L €HT": 2.67,
      "Unité d'achat(X*UV)": 12,
      "Tx TVA": 0.055,
      "Produit Pro": true,
      "Produit Particulier": true,
      "Tarif Particulier TTC": 4.50696,
      "Commentaires": "RHF - sous réserve de disponibilité",
      "numéro": 897,
      "Code Fournisseur (from Fournisseurs)": "FR30.0012",
      "Département (from Coordonnées Sociétés)": ["GARD"],
      "DESIGNATION": "RIZ DE CAMARGUE IGP LONG ROUGE \"CANAVERE\" - CUISSON 18 MIN - IGP",
      "Conditionnement": "sachet 1 kg",
      "Tarif Pro (HT)": 4.005,
      "Tarif Pro (HT) au Kg/L": 4.005,
      "Unité Vente": 1,
      "Tarif Particulier TTC Arrondi": 4.6000000000000005,
      "LABEL": [
        {
          "id": "attpiASv6llbLqJjW",
          "width": 245,
          "height": 245,
          "url": "https://dl.airtable.com/.attachments/4ddebfa3010a70593140d0b7fa459db2/61771ed5/8c3d1490?ts=1654586294&userId=usrF6kLgBaja75CMj&cs=569efa4e1496bff9",
          "filename": "8c3d1490",
          "size": 45917,
          "type": "image/png",
          "thumbnails": {
            "small": {
              "url": "https://dl.airtable.com/.attachmentThumbnails/08eb6f2363ca31fb0052ed9df23ee4b0/69417b30?ts=1654586294&userId=usrF6kLgBaja75CMj&cs=428f5d7a64e8c6f3",
              "width": 36,
              "height": 36
            },
            "large": {
              "url": "https://dl.airtable.com/.attachmentThumbnails/8bb10436d71fec8a3842cbc5f7b1d681/359ba35b?ts=1654586294&userId=usrF6kLgBaja75CMj&cs=e0673a97d3acff3e",
              "width": 245,
              "height": 245
            },
            "full": {
              "url": "https://dl.airtable.com/.attachmentThumbnails/53f49e50cb06aee94e6d222d22ed9356/c107708c?ts=1654586294&userId=usrF6kLgBaja75CMj&cs=3c48513297b2a43b",
              "width": 3000,
              "height": 3000
            }
          }
        }
      ],
      "Image produits avec fond": [
        {
          "id": "attPvatCOWMaaArwD",
          "width": 438,
          "height": 429,
          "url": "https://dl.airtable.com/.attachments/b5f776ebdb4b22aaf303602a0277ea26/05156f40/Captureweb_13-12-2021_14747_canavere.fr.jpeg?ts=1654586294&userId=usrF6kLgBaja75CMj&cs=5b941e6ff5792dcf",
          "filename": "Capture web_13-12-2021_14747_canavere.fr.jpeg",
          "size": 53787,
          "type": "image/jpeg",
          "thumbnails": {
            "small": {
              "url": "https://dl.airtable.com/.attachmentThumbnails/b16e1949de06fc33e551ad7416f6d78f/097eb304?ts=1654586294&userId=usrF6kLgBaja75CMj&cs=1d82f0d39f20a8a6",
              "width": 37,
              "height": 36
            },
            "large": {
              "url": "https://dl.airtable.com/.attachmentThumbnails/f43b8b3e16a04934e3833c674b899cdb/3a44e8dc?ts=1654586294&userId=usrF6kLgBaja75CMj&cs=48e3a52b9f47ee0c",
              "width": 438,
              "height": 429
            },
            "full": {
              "url": "https://dl.airtable.com/.attachmentThumbnails/1e2540b3358d39d323fb5a5af5ad56ae/701b679f?ts=1654586294&userId=usrF6kLgBaja75CMj&cs=5b94a79d9fc8681c",
              "width": 3000,
              "height": 3000
            }
          }
        }
      ],
      "Nom complet Produit pour formulaire de Mouvement de Stock": "sachet 1 kg-RIZ DE CAMARGUE IGP LONG ROUGE \"CANAVERE\" - CUISSON 18 MIN - IGP//Riz Canavere Camargue//FR30.0012.00897",
      "Prix de vente € TTC conseillé": 5.95,
      "Prix de vente typeform € TTC": 5.1,
      "DESIGNATION TYPEFORM": "Riz de Camargue IGP long rouge \"Canavere\" - cuisson 18 min - 1kg - IGP // 5.10€",
      "Hypothèse 15% marge px pro": 4.970911764705882,
      "CATEGORIE/TYPE": "Épicerie salée>Riz",
      "Condi.": "sachet\n1 kg",
      "Disponibilité": "En stock",
      "PRODUCTEUR": "RIZ CANAVERE CAMARGUE",
      "Spécificités": "Rouge",
      "Désignation Produit": "RIZ DE CAMARGUE IGP LONG ROUGE \"CANAVERE\" - CUISSON 18 MIN - IGP - sachet 1 kg",
      "Désignation Produit 1 ligne": "RIZ DE CAMARGUE IGP LONG ROUGE \"CANAVERE\" - CUISSON 18 MIN - IGP - sachet 1 kg",
      "Unité de vente détaillée": "1 X 1 kg",
      "Délais d'appro (jours) (from FOURNISSEUR)": "15",
      "Nom de la Société (from FOURNISSEUR)": "Riz Canavere Camargue",
      "Descriptif Producteur (from FOURNISSEUR)": "Découvrez le riz de Camargue au travers de notre passion & notre savoir-faire familiale. UNE ENTREPRISE FAMILIALE La société Benoit Riz de Canavere a été fondée en 1993, par Jean Louis Benoit, fils de Louis Benoit, riziculteurs Camarguais de père en fils. Précurseur dans la riziculture en Camargue, \"Canavere\" est une entreprise familiale qui travaille depuis 4 générations au développement d’une production agricole respectueuse des sols et des Hommes : « Nous défendons une agriculture raisonnée ; et nous ne nous plierons pas à l’effet de mode du Green Marketing » qui consiste à marketer les produits BIO ou « Organic » sans conscience exacte de la provenance et la fabrication de notre produit. Riz semé, cultivé & emballé en Camargue dans un rayon de 30km Estampillé Sud de France, IGP, sans Gluten",
      "Photos Producteurs (from FOURNISSEUR)": [
        {
          "id": "attZDGnYYdclQEm77",
          "width": 1440,
          "height": 1440,
          "url": "https://dl.airtable.com/.attachments/56a872a411d285a32c78569cd73a17b3/feb1c8fa/123602542_3453678604701117_152993012696548202_n.jpg?ts=1654586294&userId=usrF6kLgBaja75CMj&cs=195c698b2ab2e194",
          "filename": "123602542_3453678604701117_152993012696548202_n.jpg",
          "size": 346171,
          "type": "image/jpeg",
          "thumbnails": {
            "small": {
              "url": "https://dl.airtable.com/.attachmentThumbnails/285e15f2ad7ba136c900ad2fe7776fd8/35d04ee2?ts=1654586294&userId=usrF6kLgBaja75CMj&cs=1037487add9023e1",
              "width": 36,
              "height": 36
            },
            "large": {
              "url": "https://dl.airtable.com/.attachmentThumbnails/cfd0c1cca8979734d536292fcd10c980/dc5f692b?ts=1654586294&userId=usrF6kLgBaja75CMj&cs=3a943a9bac40202e",
              "width": 512,
              "height": 512
            },
            "full": {
              "url": "https://dl.airtable.com/.attachmentThumbnails/022baf280ed074a8a7b07899512114ee/29f83b23?ts=1654586294&userId=usrF6kLgBaja75CMj&cs=a7ea931c6eaf58d0",
              "width": 3000,
              "height": 3000
            }
          }
        }
      ],
      "Label (from FOURNISSEUR)": ["AB", "CCF", "IGP"],
      "LABEL LOGO (from FOURNISSEUR)": [
        {
          "id": "attOjlB3OP92IAQLw",
          "width": 1335,
          "height": 606,
          "url": "https://dl.airtable.com/.attachments/bde3a9041e764a52284e9d7e724c6906/c4f70304/Capture-2.png?ts=1654586294&userId=usrF6kLgBaja75CMj&cs=7a13c35073f4693a",
          "filename": "Capture-2.png",
          "size": 105113,
          "type": "image/png",
          "thumbnails": {
            "small": {
              "url": "https://dl.airtable.com/.attachmentThumbnails/d610587c76107b1b40e5a9504a63a299/420fc780?ts=1654586294&userId=usrF6kLgBaja75CMj&cs=70b0e4f3e026dd6b",
              "width": 79,
              "height": 36
            },
            "large": {
              "url": "https://dl.airtable.com/.attachmentThumbnails/5e662ed8382bb04d74a88e0fd59474a4/1071aab4?ts=1654586294&userId=usrF6kLgBaja75CMj&cs=4b212cfb1743424b",
              "width": 1128,
              "height": 512
            },
            "full": {
              "url": "https://dl.airtable.com/.attachmentThumbnails/e515a39fdc1988e16ad042723ede9501/17bb594b?ts=1654586294&userId=usrF6kLgBaja75CMj&cs=694b54ee1f00f647",
              "width": 3000,
              "height": 3000
            }
          }
        },
        {
          "id": "attMuhgIz0i6EF3sO",
          "width": 562,
          "height": 796,
          "url": "https://dl.airtable.com/.attachments/ac55e066dc4c694c226bc7aa3603b3ff/31baf7ba/PAQ_LOGO_DTOUR.png?ts=1654586294&userId=usrF6kLgBaja75CMj&cs=688ef98d43b2fe07",
          "filename": "PAQ_LOGO_DÉTOURÉ.png",
          "size": 123333,
          "type": "image/png",
          "thumbnails": {
            "small": {
              "url": "https://dl.airtable.com/.attachmentThumbnails/e4ab024c3f5ae6d6703b12b21c377b2f/011e11ad?ts=1654586294&userId=usrF6kLgBaja75CMj&cs=7febad892daee4e2",
              "width": 25,
              "height": 36
            },
            "large": {
              "url": "https://dl.airtable.com/.attachmentThumbnails/e38099c48c3548fe4a91ffd6022b1f90/5617c169?ts=1654586294&userId=usrF6kLgBaja75CMj&cs=9b828de300ba475b",
              "width": 512,
              "height": 725
            },
            "full": {
              "url": "https://dl.airtable.com/.attachmentThumbnails/3c384b36e8ef6fad60696f0f487e36e2/7835c7a6?ts=1654586294&userId=usrF6kLgBaja75CMj&cs=62ac7cb5884e8b9a",
              "width": 3000,
              "height": 3000
            }
          }
        },
        {
          "id": "attIF8nQPkfYQg3PD",
          "width": 245,
          "height": 245,
          "url": "https://dl.airtable.com/.attachments/30a5ed2ed078555a4bcfe03684fb85eb/372ed40a/IGP_inao_image_block.png?ts=1654586294&userId=usrF6kLgBaja75CMj&cs=3d50c67929537429",
          "filename": "IGP_inao_image_block.png",
          "size": 240796,
          "type": "image/png",
          "thumbnails": {
            "small": {
              "url": "https://dl.airtable.com/.attachmentThumbnails/0333ed4b7a128b7d06619f73677c9d6f/8c5f0926?ts=1654586294&userId=usrF6kLgBaja75CMj&cs=3e62618ee4eec0b4",
              "width": 36,
              "height": 36
            },
            "large": {
              "url": "https://dl.airtable.com/.attachmentThumbnails/c4178b165dbce5f0be0c580da79693eb/c4b7af40?ts=1654586294&userId=usrF6kLgBaja75CMj&cs=2a27ff491dd65a43",
              "width": 245,
              "height": 245
            },
            "full": {
              "url": "https://dl.airtable.com/.attachmentThumbnails/a5071bafb6139fdd1692b3869089d1a7/2cb765ef?ts=1654586294&userId=usrF6kLgBaja75CMj&cs=581cc153ce14c337",
              "width": 3000,
              "height": 3000
            }
          }
        }
      ],
      "Département (from FOURNISSEUR)": ["GARD"],
      "Code Postal (from FOURNISSEUR)": "30800",
      "Ville (from FOURNISSEUR)": "Saint Gilles",
      "STOCK DISPO (from Passerelle Stock vers BDD Produits/Producteurs)": "5",
      "Import CSV Shopify": "FR30.0012.00897",
      "Localisation (from FOURNISSEUR)": "30800 - SAINT GILLES - GARD"
    },
    "name": "Riz de Camargue IGP long rouge \"Canavere\" - cuisson 18 min",
    "weight": "sachet 1 kg",
    "price": "2.67",
    "pricePerKg": "2.67",
    "stock": "En stock",
    "picture": "https://dl.airtable.com/.attachments/3a655cd47126ebadfda1e70e4d0bbca9/5d629929/Screenshot_2021-12-02_at_16-08-33_Riz_de_Camargue_Etui_Long_Rouge_IGP_-_Canavere-removebg-preview.png?ts=1654586294&userId=usrF6kLgBaja75CMj&cs=e7d6f2569719144c"
  },
  {
    "id": "recCHvqVLroQQlBGd",
    "info": {
      "Code Produit QotQot": "FR01.0023.00522",
      "FOURNISSEUR": "Le Fumet des Dombes",
      "Produit": "Rillettes de truite nature d'Auvergne Rhône Alpes",
      "Catégorie": ["Épicerie salée"],
      "Type": ["Tartinables"],
      "Spécificité": "Poissons",
      "Statut": "Référencé",
      "Dispo": "En stock",
      "Prix d'achat unitaire €HT": 2.6,
      "Descriptif Produit": "Ingrédients: Truite d'Auvergne Rhône-Alpes 66%,crème pasteurisés,légumes(échalote,carotte,poireau,oignon),beurre,sel.Traces possibles de fruits à coques.\nDate limite de consommation: 2 ans Utilisation: à tartiner sur du pain grillé ",
      "Image produits sans fond": [
        {
          "id": "attYe4eQWlkuVWptw",
          "width": 487,
          "height": 512,
          "url": "https://dl.airtable.com/.attachments/9cd6ce8b79c1791249fef7bd2876c0f8/987d13ae/Capture_d_cran_2021-11-30_155930_truite_nature-removebg-preview.png?ts=1654586294&userId=usrF6kLgBaja75CMj&cs=f50c078928c33905",
          "filename": "Capture_d_écran_2021-11-30_155930_truite_nature-removebg-preview.png",
          "size": 249842,
          "type": "image/png",
          "thumbnails": {
            "small": {
              "url": "https://dl.airtable.com/.attachmentThumbnails/b01209a0a0c86d8045045f4a11120a08/ee91c891?ts=1654586294&userId=usrF6kLgBaja75CMj&cs=fbe17a22bfa717a6",
              "width": 34,
              "height": 36
            },
            "large": {
              "url": "https://dl.airtable.com/.attachmentThumbnails/2e24469bbe7ee9e55b0ab20cc8dbfcaf/3ae9d971?ts=1654586294&userId=usrF6kLgBaja75CMj&cs=7edc902b03eb52ec",
              "width": 487,
              "height": 512
            },
            "full": {
              "url": "https://dl.airtable.com/.attachmentThumbnails/283cef624bab67b85e1ef7dfb08854b9/ed4564ab?ts=1654586294&userId=usrF6kLgBaja75CMj&cs=8cf3bd2e899b5d8a",
              "width": 3000,
              "height": 3000
            }
          }
        }
      ],
      "Référence Fournisseur": "0220025",
      "DDM (mois)": 24,
      "UVC - Conditionnement": "bocal verre",
      "UVC - Poids/vol": 90,
      "UVC - Unité": "g",
      "Prix d'achat kg/g/L €HT": 28.88888888888889,
      "Unité d'achat(X*UV)": 20,
      "Tx TVA": 0.055,
      "Produit Particulier": true,
      "Tarif Particulier TTC": 4.3888,
      "numéro": 522,
      "Code Fournisseur (from Fournisseurs)": "FR01.0023",
      "Département (from Coordonnées Sociétés)": ["AIN"],
      "DESIGNATION": "RILLETTES DE TRUITE NATURE D'AUVERGNE RHÔNE ALPES",
      "Conditionnement": "bocal verre 90 g",
      "Tarif Pro (HT)": 3.9000000000000004,
      "Tarif Pro (HT) au Kg/L": 43.333333333333336,
      "Unité Vente": 1,
      "Tarif Particulier TTC Arrondi": 4.4,
      "Image produits avec fond": [
        {
          "id": "attVqNfgnejvgURSu",
          "width": 686,
          "height": 722,
          "url": "https://dl.airtable.com/.attachments/752f5b99b5a213ab5de45b19e548cebc/9972ad58/Capturedcran2021-11-30155930truitenature.png?ts=1654586294&userId=usrF6kLgBaja75CMj&cs=595da8f85c4ff659",
          "filename": "Capture d’écran 2021-11-30 155930 truite nature.png",
          "size": 475039,
          "type": "image/png",
          "thumbnails": {
            "small": {
              "url": "https://dl.airtable.com/.attachmentThumbnails/107e90e8d025e4aa96a06a0dfb65b338/d394103a?ts=1654586294&userId=usrF6kLgBaja75CMj&cs=9ae99a15343cf315",
              "width": 34,
              "height": 36
            },
            "large": {
              "url": "https://dl.airtable.com/.attachmentThumbnails/21f3e4eec6cced82dbd96a1e5247e76f/9d9329a0?ts=1654586294&userId=usrF6kLgBaja75CMj&cs=bdcb78d775020e45",
              "width": 512,
              "height": 539
            },
            "full": {
              "url": "https://dl.airtable.com/.attachmentThumbnails/22a8975b696fc2dbb9f9ae20b2f919d1/81c390cd?ts=1654586294&userId=usrF6kLgBaja75CMj&cs=67af6a5311af46b5",
              "width": 3000,
              "height": 3000
            }
          }
        }
      ],
      "Nom complet Produit pour formulaire de Mouvement de Stock": "bocal verre 90 g-RILLETTES DE TRUITE NATURE D'AUVERGNE RHÔNE ALPES//Le Fumet des Dombes//FR01.0023.00522",
      "Prix de vente € TTC conseillé": 4,
      "Prix de vente typeform € TTC": 4.9,
      "DESIGNATION TYPEFORM": "Rillettes de truite nature d'Auvergne Rhône Alpes - 90g -  // 4.90€",
      "Hypothèse 15% marge px pro": 4.840588235294118,
      "CATEGORIE/TYPE": "Épicerie salée>Tartinables",
      "Condi.": "bocal verre\n90 g",
      "Disponibilité": "En stock",
      "PRODUCTEUR": "LE FUMET DES DOMBES",
      "Spécificités": "Poissons",
      "Commande Fournisseurs": "FR01.0023-11/02/2022",
      "Désignation Produit": "RILLETTES DE TRUITE NATURE D'AUVERGNE RHÔNE ALPES - bocal verre 90 g",
      "Désignation Produit 1 ligne": "RILLETTES DE TRUITE NATURE D'AUVERGNE RHÔNE ALPES - bocal verre 90 g",
      "Unité de vente détaillée": "1 X 90 g",
      "Délais d'appro (jours) (from FOURNISSEUR)": "10",
      "Nom de la Société (from FOURNISSEUR)": "Le Fumet des Dombes",
      "Descriptif Producteur (from FOURNISSEUR)": "Entreprise créé en 1988 par Edouard Rolland et sa sœur Chantal Rolland. L’idée première fût de valoriser les poisons des étangs de la Dombes, notamment la carpe. Maître Artisan cette entreprise familiale privilégie un savoir faire traditionnel pour proposer des produits gastronomiques à tous ses clients, garantis sans colorant et sans conservateur Nos rillettes sont élaborées à partir de poissons de poissons d’eau douce et de mer >Carpe des étangs de la Dombes >Truite d’Auvergne Rhône Alpes >Saumon sauvage d’Alaska >Saumon bio d’Ecosse Nous cuisinons avec de la crème fraîche de Bresse AOP et des oeufs issus des monts du lyonnais afin de travailler avec des partenaires locaux Nous garantissons ainsi une traçabilité et des ingrédients de qualité !",
      "Photos Producteurs (from FOURNISSEUR)": [
        {
          "id": "attiEwnVHt4e5UHBx",
          "width": 200,
          "height": 197,
          "url": "https://dl.airtable.com/.attachments/8b1d8bd9e311896159a94f1ebf40eea2/38567b06/Origine_de_nos_produits?ts=1654586294&userId=usrF6kLgBaja75CMj&cs=456c7587b84da9d7",
          "filename": "Origine_de_nos_produits",
          "size": 16784,
          "type": "image/jpeg",
          "thumbnails": {
            "small": {
              "url": "https://dl.airtable.com/.attachmentThumbnails/7d9d6b066207f95cf5e9c0df9aebfd19/c43b4c51?ts=1654586294&userId=usrF6kLgBaja75CMj&cs=13017ef9f97cafa9",
              "width": 37,
              "height": 36
            },
            "large": {
              "url": "https://dl.airtable.com/.attachmentThumbnails/b5b643d5a0b6ae42f91125f2f4d41100/1a94ad0d?ts=1654586294&userId=usrF6kLgBaja75CMj&cs=c6667b636507da99",
              "width": 200,
              "height": 197
            },
            "full": {
              "url": "https://dl.airtable.com/.attachmentThumbnails/1df0e5c07dcef4a5110c0d3b625f237c/643cb6fd?ts=1654586294&userId=usrF6kLgBaja75CMj&cs=14ff800342713074",
              "width": 3000,
              "height": 3000
            }
          }
        }
      ],
      "Label (from FOURNISSEUR)": ["Maitre Artisan"],
      "LABEL LOGO (from FOURNISSEUR)": [
        {
          "id": "attFhAekK0AHlE2am",
          "width": 500,
          "height": 500,
          "url": "https://dl.airtable.com/.attachments/7e53d0c57443fac76e7e7c4147c59cf9/39efb4a2/d11187.png?ts=1654586294&userId=usrF6kLgBaja75CMj&cs=23cf73002f6851b2",
          "filename": "d11187.png",
          "size": 24032,
          "type": "image/png",
          "thumbnails": {
            "small": {
              "url": "https://dl.airtable.com/.attachmentThumbnails/eb45165d73b14f17f35601f3784c82ff/672490ad?ts=1654586294&userId=usrF6kLgBaja75CMj&cs=a268b5973a576e16",
              "width": 36,
              "height": 36
            },
            "large": {
              "url": "https://dl.airtable.com/.attachmentThumbnails/c80a1353fb960b3b4f5d50cef7db44d2/748048ae?ts=1654586294&userId=usrF6kLgBaja75CMj&cs=2d70b132fc6cd96b",
              "width": 500,
              "height": 500
            },
            "full": {
              "url": "https://dl.airtable.com/.attachmentThumbnails/6eff41a48ad10a8f4317b5b2f7e1004d/5f813c70?ts=1654586294&userId=usrF6kLgBaja75CMj&cs=5a434d145557cab7",
              "width": 3000,
              "height": 3000
            }
          }
        },
        {
          "id": "attoKwAEJtvzCwptw",
          "width": 800,
          "height": 800,
          "url": "https://dl.airtable.com/.attachments/538c0a3460d718fe4f03057157b3dcd2/671892bd/logos_La_region_du_Gout-03.jpg?ts=1654586294&userId=usrF6kLgBaja75CMj&cs=de3de53fb24d53b7",
          "filename": "logos_La_region_du_Gout-03.jpg",
          "size": 70362,
          "type": "image/jpeg",
          "thumbnails": {
            "small": {
              "url": "https://dl.airtable.com/.attachmentThumbnails/8bff0a35a140aa729121c8945e557162/c2cc4f18?ts=1654586294&userId=usrF6kLgBaja75CMj&cs=07c896d2104836b4",
              "width": 36,
              "height": 36
            },
            "large": {
              "url": "https://dl.airtable.com/.attachmentThumbnails/d092e124784d864e793725619a1e03d9/8ee20993?ts=1654586294&userId=usrF6kLgBaja75CMj&cs=b2f409903db8ad95",
              "width": 512,
              "height": 512
            },
            "full": {
              "url": "https://dl.airtable.com/.attachmentThumbnails/105b2f2a871050bafcebb61822bab6b2/e20b74a8?ts=1654586294&userId=usrF6kLgBaja75CMj&cs=f92ea221c6f0040f",
              "width": 3000,
              "height": 3000
            }
          }
        }
      ],
      "Département (from FOURNISSEUR)": ["AIN"],
      "Code Postal (from FOURNISSEUR)": "01390",
      "Ville (from FOURNISSEUR)": " SAINT ANDRE DE CORCY",
      "STOCK DISPO (from Passerelle Stock vers BDD Produits/Producteurs)": "17",
      "Import CSV Shopify": "FR01.0023.00522",
      "Localisation (from FOURNISSEUR)": "01390 -  SAINT ANDRE DE CORCY - AIN"
    },
    "name": "Rillettes de truite nature d'Auvergne Rhône Alpes",
    "weight": "bocal verre 90 g",
    "price": "2.60",
    "pricePerKg": "28.89",
    "stock": "En stock",
    "picture": "https://dl.airtable.com/.attachments/9cd6ce8b79c1791249fef7bd2876c0f8/987d13ae/Capture_d_cran_2021-11-30_155930_truite_nature-removebg-preview.png?ts=1654586294&userId=usrF6kLgBaja75CMj&cs=f50c078928c33905"
  },
  {
    "id": "recCOxSwGFTH153NV",
    "info": {
      "Code Produit QotQot": "FR73.0001.00211",
      "FOURNISSEUR": "Conserverie des Alpes",
      "Produit": "Tartinable de tomates séchées au basilic",
      "Catégorie": ["Épicerie salée"],
      "Type": ["Tartinables"],
      "Spécificité": "Légumes",
      "Statut": "Référencé",
      "Dispo": "En stock",
      "Prix d'achat unitaire €HT": 3.59,
      "Descriptif Produit": "Composition : tomates séchées , tomates, huile d’olive extra vierge, basilic, thym, sel\nLes tomates séchées rafraîchies par le basilic, Sur une tartine de fromage frais ou au naturel sur la tranche de pain ou a délayer dans une vinaigrette pour une base sauce à salade.",
      "Image produits sans fond": [
        {
          "id": "attf7cZKvSzC9IzrZ",
          "width": 500,
          "height": 500,
          "url": "https://dl.airtable.com/.attachments/8023c811aace381a446c102d0e7a8a00/bbc69bba/tom-sechees-removebg-preview.png?ts=1654586294&userId=usrF6kLgBaja75CMj&cs=adc92609eb4619ee",
          "filename": "tom-sechees-removebg-preview.png",
          "size": 308985,
          "type": "image/png",
          "thumbnails": {
            "small": {
              "url": "https://dl.airtable.com/.attachmentThumbnails/b454d5ed68eb790f45bb3cdb9ba1d69d/811c7e6b?ts=1654586294&userId=usrF6kLgBaja75CMj&cs=8e874e39ef219f43",
              "width": 36,
              "height": 36
            },
            "large": {
              "url": "https://dl.airtable.com/.attachmentThumbnails/3d1de10c90cf663222d17d2e1783b5db/cd9f26c6?ts=1654586294&userId=usrF6kLgBaja75CMj&cs=39a5d02ceea80593",
              "width": 500,
              "height": 500
            },
            "full": {
              "url": "https://dl.airtable.com/.attachmentThumbnails/fcde301c5b9402ea649eca90f86dec7b/cbf44a5d?ts=1654586294&userId=usrF6kLgBaja75CMj&cs=13e084f1ce7c9d5b",
              "width": 3000,
              "height": 3000
            }
          }
        }
      ],
      "EAN 13": { "text": "3770013202193" },
      "DDM (mois)": 36,
      "UVC - Conditionnement": "bocal verre",
      "UVC - Poids/vol": 180,
      "UVC - Unité": "g",
      "Prix d'achat kg/g/L €HT": 19.944444444444446,
      "Unité d'achat(X*UV)": 12,
      "Tx TVA": 0.055,
      "Produit Pro": true,
      "Produit Particulier": true,
      "Tarif Particulier TTC": 6.059919999999999,
      "numéro": 211,
      "Code Fournisseur (from Fournisseurs)": "FR73.0001",
      "Département (from Coordonnées Sociétés)": ["SAVOIE"],
      "Franco €": "€450",
      "DESIGNATION": "TARTINABLE DE TOMATES SÉCHÉES AU BASILIC",
      "Conditionnement": "bocal verre 180 g",
      "Tarif Pro (HT)": 5.385,
      "Tarif Pro (HT) au Kg/L": 29.916666666666664,
      "Unité Vente": 1,
      "Tarif Particulier TTC Arrondi": 6.1000000000000005,
      "Image produits avec fond": [
        {
          "id": "attf7cZKvSzC9IzrZ",
          "width": 500,
          "height": 500,
          "url": "https://dl.airtable.com/.attachments/8023c811aace381a446c102d0e7a8a00/bbc69bba/tom-sechees-removebg-preview.png?ts=1654586294&userId=usrF6kLgBaja75CMj&cs=adc92609eb4619ee",
          "filename": "tom-sechees-removebg-preview.png",
          "size": 308985,
          "type": "image/png",
          "thumbnails": {
            "small": {
              "url": "https://dl.airtable.com/.attachmentThumbnails/b454d5ed68eb790f45bb3cdb9ba1d69d/811c7e6b?ts=1654586294&userId=usrF6kLgBaja75CMj&cs=8e874e39ef219f43",
              "width": 36,
              "height": 36
            },
            "large": {
              "url": "https://dl.airtable.com/.attachmentThumbnails/3d1de10c90cf663222d17d2e1783b5db/cd9f26c6?ts=1654586294&userId=usrF6kLgBaja75CMj&cs=39a5d02ceea80593",
              "width": 500,
              "height": 500
            },
            "full": {
              "url": "https://dl.airtable.com/.attachmentThumbnails/fcde301c5b9402ea649eca90f86dec7b/cbf44a5d?ts=1654586294&userId=usrF6kLgBaja75CMj&cs=13e084f1ce7c9d5b",
              "width": 3000,
              "height": 3000
            }
          }
        }
      ],
      "Nom complet Produit pour formulaire de Mouvement de Stock": "bocal verre 180 g-TARTINABLE DE TOMATES SÉCHÉES AU BASILIC//Conserverie des Alpes//FR73.0001.00211",
      "Prix de vente € TTC conseillé": 5.9,
      "Prix de vente typeform € TTC": 6.7,
      "DESIGNATION TYPEFORM": "Tartinable de tomates séchées au basilic - 180g -  // 6.70€",
      "Hypothèse 15% marge px pro": 6.683735294117646,
      "Idée Recette": "Sur une tartine de fromage frais ou au naturel sur du pain, ou a délayer dans une vinaigrette pour une base sauce à salade.",
      "CATEGORIE/TYPE": "Épicerie salée>Tartinables",
      "Condi.": "bocal verre\n180 g",
      "Disponibilité": "En stock",
      "PRODUCTEUR": "CONSERVERIE DES ALPES",
      "Spécificités": "Légumes",
      "Commande Fournisseurs": "FR73.0001-06/04/2022",
      "Désignation Produit": "TARTINABLE DE TOMATES SÉCHÉES AU BASILIC - bocal verre 180 g",
      "Désignation Produit 1 ligne": "TARTINABLE DE TOMATES SÉCHÉES AU BASILIC - bocal verre 180 g",
      "Unité de vente détaillée": "1 X 180 g",
      "Délais d'appro (jours) (from FOURNISSEUR)": "21",
      "Nom de la Société (from FOURNISSEUR)": "Conserverie des Alpes",
      "Descriptif Producteur (from FOURNISSEUR)": "Nous avons créé la Conserverie des Alpes avec l’ambition de vous apporter plaisirs gustatifs et convivialité. C’est pourquoi, jour après jour, dans notre atelier situé entre Chambery et Grenoble, nous cuisinons nos recettes avec des produits de qualité et dans la tradition . Nous privilégions la vente dans les magasins proches de chez-vous, mais comme nous ne pouvons être « devant l’autoclave et sur les routes « , ce site permet au plus grand nombre de découvrir nos produits. Parce que c’est bon d’être gourmands !",
      "Photos Producteurs (from FOURNISSEUR)": [
        {
          "id": "attjcF2CJtWLGkjEK",
          "width": 512,
          "height": 728,
          "url": "https://dl.airtable.com/.attachments/32b29f93de66665409977112ba217470/e38b3484/Createurs-CDA.jpg?ts=1654586294&userId=usrF6kLgBaja75CMj&cs=ee52e17ce7e2d33b",
          "filename": "Createurs-CDA.jpg",
          "size": 43813,
          "type": "image/jpeg",
          "thumbnails": {
            "small": {
              "url": "https://dl.airtable.com/.attachmentThumbnails/ed10470eb20d1d076185c8c8af8c5f45/78397610?ts=1654586294&userId=usrF6kLgBaja75CMj&cs=db881180be934211",
              "width": 25,
              "height": 36
            },
            "large": {
              "url": "https://dl.airtable.com/.attachmentThumbnails/44c4acd035b550bbf875ea8452bae033/efe31b06?ts=1654586294&userId=usrF6kLgBaja75CMj&cs=108131636cbd9af8",
              "width": 512,
              "height": 728
            },
            "full": {
              "url": "https://dl.airtable.com/.attachmentThumbnails/df1bf8335b9e56bdaed5b79d079fa35c/9ee4a76a?ts=1654586294&userId=usrF6kLgBaja75CMj&cs=1d96d85a461781a0",
              "width": 3000,
              "height": 3000
            }
          }
        }
      ],
      "Label (from FOURNISSEUR)": ["CCF", "La région du goût", "Artisan"],
      "LABEL LOGO (from FOURNISSEUR)": [
        {
          "id": "attcurDrdzv3WKzgX",
          "width": 300,
          "height": 425,
          "url": "https://dl.airtable.com/.attachments/10facc442036878f053ebf722b1343f6/2a15cee3/plaque-paq.png?ts=1654586294&userId=usrF6kLgBaja75CMj&cs=080b49b6a7ea772d",
          "filename": "plaque-paq.png",
          "size": 138645,
          "type": "image/png",
          "thumbnails": {
            "small": {
              "url": "https://dl.airtable.com/.attachmentThumbnails/38371e0c27d08b60b7aca3de929bcf3e/e0b6290c?ts=1654586294&userId=usrF6kLgBaja75CMj&cs=cebbfc385f1e5d77",
              "width": 25,
              "height": 36
            },
            "large": {
              "url": "https://dl.airtable.com/.attachmentThumbnails/b92f3ffee601e21d2439f0ae4fa81bb4/44090614?ts=1654586294&userId=usrF6kLgBaja75CMj&cs=149ca51a9ec96106",
              "width": 300,
              "height": 425
            },
            "full": {
              "url": "https://dl.airtable.com/.attachmentThumbnails/42abe8cd9a52bb00677ca947e8e9a8a5/00a1acb8?ts=1654586294&userId=usrF6kLgBaja75CMj&cs=cdebeaaf190cc367",
              "width": 3000,
              "height": 3000
            }
          }
        },
        {
          "id": "attoI3DHRMHpznywN",
          "width": 800,
          "height": 800,
          "url": "https://dl.airtable.com/.attachments/4a3bae4d1814fec4e2ffde387cfae864/e41f1169/logos_La_region_du_Gout-03.jpg?ts=1654586294&userId=usrF6kLgBaja75CMj&cs=4dc6d95a4ce079da",
          "filename": "logos_La_region_du_Gout-03.jpg",
          "size": 70362,
          "type": "image/jpeg",
          "thumbnails": {
            "small": {
              "url": "https://dl.airtable.com/.attachmentThumbnails/3da61959bea884f02da3cdce1fcad559/688c5670?ts=1654586294&userId=usrF6kLgBaja75CMj&cs=60033a06bfbd7bb3",
              "width": 36,
              "height": 36
            },
            "large": {
              "url": "https://dl.airtable.com/.attachmentThumbnails/751437f5a1d06e5f36486efc1724af78/fe52cc4d?ts=1654586294&userId=usrF6kLgBaja75CMj&cs=c5147a277ddd54c8",
              "width": 512,
              "height": 512
            },
            "full": {
              "url": "https://dl.airtable.com/.attachmentThumbnails/a2bcbbeedac491f72e167235b1dc60ca/750a3d80?ts=1654586294&userId=usrF6kLgBaja75CMj&cs=19671c8c51d3fbc9",
              "width": 3000,
              "height": 3000
            }
          }
        },
        {
          "id": "attSI3KuvyR9WvChA",
          "width": 820,
          "height": 527,
          "url": "https://dl.airtable.com/.attachments/af20cec29a0ddcc368c0355ce52e7e8a/12cde9a3/Artisan_Logo_Image_Handicraft_PNG_1271x817px_Artisan_Area_Art_...?ts=1654586294&userId=usrF6kLgBaja75CMj&cs=9b3483ea535204b5",
          "filename": "Artisan_Logo_Image_Handicraft_PNG_1271x817px_Artisan_Area_Art_...",
          "size": 45959,
          "type": "image/jpeg",
          "thumbnails": {
            "small": {
              "url": "https://dl.airtable.com/.attachmentThumbnails/b7ba114a701b90f3cd85ad2577cd9a01/328d53c9?ts=1654586294&userId=usrF6kLgBaja75CMj&cs=5fc3883162e2d7c0",
              "width": 56,
              "height": 36
            },
            "large": {
              "url": "https://dl.airtable.com/.attachmentThumbnails/13ecb8c937681cd9299eff7240b57ba0/435556c6?ts=1654586294&userId=usrF6kLgBaja75CMj&cs=75dee0e852932cb0",
              "width": 797,
              "height": 512
            },
            "full": {
              "url": "https://dl.airtable.com/.attachmentThumbnails/da825dab455a5dda70c6e43dd599ee46/890ebc41?ts=1654586294&userId=usrF6kLgBaja75CMj&cs=29d3c522557a6ecf",
              "width": 3000,
              "height": 3000
            }
          }
        }
      ],
      "Département (from FOURNISSEUR)": ["SAVOIE"],
      "Code Postal (from FOURNISSEUR)": "73230",
      "Ville (from FOURNISSEUR)": " VEREL PRAGONDRAN",
      "STOCK DISPO (from Passerelle Stock vers BDD Produits/Producteurs)": "22",
      "Import CSV Shopify": "FR73.0001.00211",
      "Localisation (from FOURNISSEUR)": "73230 -  VEREL PRAGONDRAN - SAVOIE"
    },
    "name": "Tartinable de tomates séchées au basilic",
    "weight": "bocal verre 180 g",
    "price": "3.59",
    "pricePerKg": "19.94",
    "stock": "En stock",
    "picture": "https://dl.airtable.com/.attachments/8023c811aace381a446c102d0e7a8a00/bbc69bba/tom-sechees-removebg-preview.png?ts=1654586294&userId=usrF6kLgBaja75CMj&cs=adc92609eb4619ee"
  },
  {
    "id": "recCVTHObBF6ufcVN",
    "info": {
      "Code Produit QotQot": "FR26.0008.01033",
      "FOURNISSEUR": "Vignolis",
      "Produit": "Tapenade aux olives noires de nyons",
      "Catégorie": ["Épicerie salée"],
      "Type": ["Tartinables"],
      "Spécificité": "Olives",
      "Statut": "Référencé",
      "Dispo": "En stock",
      "Prix d'achat unitaire €HT": 2.85,
      "Descriptif Produit": "En toast, pour l'apéritif, étalée sur des tranches de pain grillées encore chaudes.\nEn accompagnement des salades de crudités diverses, viandes froides.\nCondiment dans l'élaboration de nombreux plats chauds.\nIngrédients : Pulpe d'olives noires de Nyons AOP, câpres,aromates de Provence, pâte d'anchois",
      "Image produits sans fond": [
        {
          "id": "attUp3B7mWMv3Td8z",
          "width": 250,
          "height": 266,
          "url": "https://dl.airtable.com/.attachments/347c12bad0cb64a92a624de86abe2057/cc87895c/Tapenade-A-250x266.jpg?ts=1654586294&userId=usrF6kLgBaja75CMj&cs=eac90f53cc5b9273",
          "filename": "Tapenade-A-250x266.jpg",
          "size": 24652,
          "type": "image/jpeg",
          "thumbnails": {
            "small": {
              "url": "https://dl.airtable.com/.attachmentThumbnails/5a7c8ebe27b8bace361c1ea1ff3da50b/1c45b4f4?ts=1654586294&userId=usrF6kLgBaja75CMj&cs=4ab441071ab80745",
              "width": 34,
              "height": 36
            },
            "large": {
              "url": "https://dl.airtable.com/.attachmentThumbnails/428d6fe57a27a6f315d4ce3c1de4205b/504a2343?ts=1654586294&userId=usrF6kLgBaja75CMj&cs=7475d08ad4db7997",
              "width": 250,
              "height": 266
            },
            "full": {
              "url": "https://dl.airtable.com/.attachmentThumbnails/ec41182e60f61f784834cb834f687267/5ea473b6?ts=1654586294&userId=usrF6kLgBaja75CMj&cs=8ba8f3a1c23de607",
              "width": 3000,
              "height": 3000
            }
          }
        }
      ],
      "EAN 13": { "text": "3261414755130" },
      "SIQO": ["AOP"],
      "Référence Fournisseur": "475513",
      "DDM (mois)": 36,
      "UVC - Conditionnement": "bocal verre",
      "UVC - Poids/vol": 100,
      "UVC - Unité": "g",
      "Prix d'achat kg/g/L €HT": 28.5,
      "Unité d'achat(X*UV)": 12,
      "Tx TVA": 0.055,
      "Produit Pro": true,
      "Produit Particulier": true,
      "Tarif Particulier TTC": 4.8108,
      "numéro": 1033,
      "Code Fournisseur (from Fournisseurs)": "FR26.0008",
      "Département (from Coordonnées Sociétés)": ["DRÔME"],
      "Franco €": "€500",
      "DESIGNATION": "TAPENADE AUX OLIVES NOIRES DE NYONS - AOP",
      "Conditionnement": "bocal verre 100 g",
      "Tarif Pro (HT)": 4.275,
      "Tarif Pro (HT) au Kg/L": 42.75,
      "Unité Vente": 1,
      "Tarif Particulier TTC Arrondi": 4.9,
      "LABEL": [
        {
          "id": "attnJWGD2dhdFb0Yh",
          "width": 591,
          "height": 591,
          "url": "https://dl.airtable.com/.attachments/bf29d418529188e41c2102f49d8fe5fb/0231e795/b868307d?ts=1654586294&userId=usrF6kLgBaja75CMj&cs=6166dacb4b5fa23b",
          "filename": "b868307d",
          "size": 17507,
          "type": "image/png",
          "thumbnails": {
            "small": {
              "url": "https://dl.airtable.com/.attachmentThumbnails/4ccd6b325e43ab9057e834276fc4b4f0/ff11a8e1?ts=1654586294&userId=usrF6kLgBaja75CMj&cs=825a9827d3b91ed1",
              "width": 36,
              "height": 36
            },
            "large": {
              "url": "https://dl.airtable.com/.attachmentThumbnails/931c99c6bbf4aa9b191978ce1cc8884a/6f120850?ts=1654586294&userId=usrF6kLgBaja75CMj&cs=351f4f5f9fc2ec4f",
              "width": 512,
              "height": 512
            },
            "full": {
              "url": "https://dl.airtable.com/.attachmentThumbnails/6548cbd68778ccd835f81787c03b5bf4/36b620e3?ts=1654586294&userId=usrF6kLgBaja75CMj&cs=743e104fc0464461",
              "width": 3000,
              "height": 3000
            }
          }
        }
      ],
      "Image produits avec fond": [
        {
          "id": "attDOdZlSEKOia2QM",
          "width": 250,
          "height": 266,
          "url": "https://dl.airtable.com/.attachments/4da5811833e9e2207f73ca0f5f3e6221/df2887ee/Tapenadeolivesnoirs100-A-250x266.jpg?ts=1654586294&userId=usrF6kLgBaja75CMj&cs=70342357beb9ff5c",
          "filename": "Tapenade olives noirs 100-A-250x266.jpg",
          "size": 24652,
          "type": "image/jpeg",
          "thumbnails": {
            "small": {
              "url": "https://dl.airtable.com/.attachmentThumbnails/74e79637f2027bdc39430f445badccb9/092e8546?ts=1654586294&userId=usrF6kLgBaja75CMj&cs=2c289e1cb0ed944e",
              "width": 34,
              "height": 36
            },
            "large": {
              "url": "https://dl.airtable.com/.attachmentThumbnails/1b85dc111afa4df8b52e234ccc145ac1/cc3d5630?ts=1654586294&userId=usrF6kLgBaja75CMj&cs=020622cc1c89cf66",
              "width": 250,
              "height": 266
            },
            "full": {
              "url": "https://dl.airtable.com/.attachmentThumbnails/b07340d3a2591d5b7d208ab2eb13d4a5/5cbc9561?ts=1654586294&userId=usrF6kLgBaja75CMj&cs=3d9fc500fc6f8869",
              "width": 3000,
              "height": 3000
            }
          }
        }
      ],
      "Nom complet Produit pour formulaire de Mouvement de Stock": "bocal verre 100 g-TAPENADE AUX OLIVES NOIRES DE NYONS - AOP//Vignolis//FR26.0008.01033",
      "Prix de vente € TTC conseillé": 4.85,
      "Prix de vente typeform € TTC": 5.4,
      "DESIGNATION TYPEFORM": "Tapenade aux olives noires de nyons - 100g - AOP // 5.40€",
      "Hypothèse 15% marge px pro": 5.306029411764706,
      "CATEGORIE/TYPE": "Épicerie salée>Tartinables",
      "Condi.": "bocal verre\n100 g",
      "Disponibilité": "En stock",
      "PRODUCTEUR": "VIGNOLIS",
      "Spécificités": "Olives",
      "Commande Fournisseurs": "FR26.0008-04/04/2022",
      "Désignation Produit": "TAPENADE AUX OLIVES NOIRES DE NYONS - AOP - bocal verre 100 g",
      "Désignation Produit 1 ligne": "TAPENADE AUX OLIVES NOIRES DE NYONS - AOP - bocal verre 100 g",
      "Unité de vente détaillée": "1 X 100 g",
      "Délais d'appro (jours) (from FOURNISSEUR)": "10",
      "Nom de la Société (from FOURNISSEUR)": "Vignolis",
      "Descriptif Producteur (from FOURNISSEUR)": "Vignolis, la coopérative du Nyonsais produit de l'huile d'olive AOP de Nyons, des olives noires et du vin sous les marques Nyonsolive et la Nyonsaise. Les produits de la coopérative du Nyonsais sont issus du terroir à forte notoriété et sont mis en valeur par les hommes et les femmes qui ont un savoir faire transmis depuis des générations.",
      "Photos Producteurs (from FOURNISSEUR)": [
        {
          "id": "att1gHGRpecDCMWCR",
          "width": 460,
          "height": 310,
          "url": "https://dl.airtable.com/.attachments/7d27ba6e3db32572f6fefa8a61039745/c0fd2f22/olives-olives-noires-nyons3.jpg?ts=1654586294&userId=usrF6kLgBaja75CMj&cs=726fff7e75214620",
          "filename": "olives-olives-noires-nyons3.jpg",
          "size": 125139,
          "type": "image/jpeg",
          "thumbnails": {
            "small": {
              "url": "https://dl.airtable.com/.attachmentThumbnails/58db4b6fa68aa5a10be23153d398dea8/b5047a47?ts=1654586294&userId=usrF6kLgBaja75CMj&cs=98057efafc3fb77c",
              "width": 53,
              "height": 36
            },
            "large": {
              "url": "https://dl.airtable.com/.attachmentThumbnails/35e9c9d9cd2aff3dfd1175b3dbed04c7/eb0b1a33?ts=1654586294&userId=usrF6kLgBaja75CMj&cs=d9ab28d44c8891c9",
              "width": 460,
              "height": 310
            },
            "full": {
              "url": "https://dl.airtable.com/.attachmentThumbnails/e47aa46a13721df247d28bbdb2041541/9dffe3d3?ts=1654586294&userId=usrF6kLgBaja75CMj&cs=67a0322d03cb6452",
              "width": 3000,
              "height": 3000
            }
          }
        },
        {
          "id": "attucUlsIHDO2K3c5",
          "width": 480,
          "height": 640,
          "url": "https://dl.airtable.com/.attachments/59bc59b9fb66b4dd7eae9a4cf24ffb07/e375aaa6/141672258_1959232387547898_6597006085280017066_n.jpg?ts=1654586294&userId=usrF6kLgBaja75CMj&cs=28035475d126b95d",
          "filename": "141672258_1959232387547898_6597006085280017066_n.jpg",
          "size": 88549,
          "type": "image/jpeg",
          "thumbnails": {
            "small": {
              "url": "https://dl.airtable.com/.attachmentThumbnails/3b15df60f15eb2feae4ad46d949943cc/16acc9d5?ts=1654586294&userId=usrF6kLgBaja75CMj&cs=bafe73babb61e701",
              "width": 27,
              "height": 36
            },
            "large": {
              "url": "https://dl.airtable.com/.attachmentThumbnails/66746bfcc913e9bd0c6c83fa2e3bdfbd/1b365fbd?ts=1654586294&userId=usrF6kLgBaja75CMj&cs=8ab767f088509456",
              "width": 480,
              "height": 640
            },
            "full": {
              "url": "https://dl.airtable.com/.attachmentThumbnails/219b2b3e1dcd0e704bbb75e4ac2caca2/d3e643ac?ts=1654586294&userId=usrF6kLgBaja75CMj&cs=c1d754deb309e174",
              "width": 3000,
              "height": 3000
            }
          }
        }
      ],
      "Label (from FOURNISSEUR)": ["AB", "AOC"],
      "LABEL LOGO (from FOURNISSEUR)": [
        {
          "id": "attrXn9J8e8CA1NBt",
          "width": 1335,
          "height": 606,
          "url": "https://dl.airtable.com/.attachments/689bb3656fa3006bd91e01d91e2aa493/361514ba/Capture-2.png?ts=1654586294&userId=usrF6kLgBaja75CMj&cs=deb96ec5f0d0f59a",
          "filename": "Capture-2.png",
          "size": 105113,
          "type": "image/png",
          "thumbnails": {
            "small": {
              "url": "https://dl.airtable.com/.attachmentThumbnails/ead799c5e888fb8add245a9b161809de/3ca6b05a?ts=1654586294&userId=usrF6kLgBaja75CMj&cs=29c00910229d2958",
              "width": 79,
              "height": 36
            },
            "large": {
              "url": "https://dl.airtable.com/.attachmentThumbnails/bda12d5ed1ecf6e6bfbc2833344e1b44/95cdab52?ts=1654586294&userId=usrF6kLgBaja75CMj&cs=1dd557b062fe18b7",
              "width": 1128,
              "height": 512
            },
            "full": {
              "url": "https://dl.airtable.com/.attachmentThumbnails/bc688134a64489a5375a06e6cb54423e/991e7526?ts=1654586294&userId=usrF6kLgBaja75CMj&cs=ba86633d6c1fff90",
              "width": 3000,
              "height": 3000
            }
          }
        },
        {
          "id": "attyDoGYO5TavMw5k",
          "width": 600,
          "height": 600,
          "url": "https://dl.airtable.com/.attachments/ec17562acc9040df6e6089ec1330cc1b/f9ed9676/Logo-AOC-AOP_image_full.png?ts=1654586294&userId=usrF6kLgBaja75CMj&cs=8faac9dd1b951b4e",
          "filename": "Logo-AOC-AOP_image_full.png",
          "size": 1442978,
          "type": "image/png",
          "thumbnails": {
            "small": {
              "url": "https://dl.airtable.com/.attachmentThumbnails/93cc24fa8e331cff5dd904d22b23d1d8/10f49090?ts=1654586294&userId=usrF6kLgBaja75CMj&cs=f5efc6167bf39293",
              "width": 36,
              "height": 36
            },
            "large": {
              "url": "https://dl.airtable.com/.attachmentThumbnails/dfc02df062f8eaa4f5559fa1a76d74e7/beb57e73?ts=1654586294&userId=usrF6kLgBaja75CMj&cs=86a7e5a2082791e1",
              "width": 512,
              "height": 512
            },
            "full": {
              "url": "https://dl.airtable.com/.attachmentThumbnails/41571dbc4ad5cacbb09b4343771f9896/7b036f39?ts=1654586294&userId=usrF6kLgBaja75CMj&cs=7aa6c2305c5d9c3b",
              "width": 3000,
              "height": 3000
            }
          }
        }
      ],
      "Département (from FOURNISSEUR)": ["DRÔME"],
      "Code Postal (from FOURNISSEUR)": "26110",
      "Ville (from FOURNISSEUR)": "NYONS",
      "STOCK DISPO (from Passerelle Stock vers BDD Produits/Producteurs)": "13",
      "Import CSV Shopify": "FR26.0008.01033",
      "Localisation (from FOURNISSEUR)": "26110 - NYONS - DRÔME"
    },
    "name": "Tapenade aux olives noires de nyons",
    "weight": "bocal verre 100 g",
    "price": "2.85",
    "pricePerKg": "28.50",
    "stock": "En stock",
    "picture": "https://dl.airtable.com/.attachments/347c12bad0cb64a92a624de86abe2057/cc87895c/Tapenade-A-250x266.jpg?ts=1654586294&userId=usrF6kLgBaja75CMj&cs=eac90f53cc5b9273"
  },
  {
    "id": "recD8BGOhQE93tIJ8",
    "info": {
      "Code Produit QotQot": "FR69.0026.00039",
      "FOURNISSEUR": "Biscuits et Gourmandises",
      "Produit": "Croquant tout choco",
      "Catégorie": ["Épicerie sucrée"],
      "Type": ["Biscuiterie"],
      "Spécificité": "Chocolat",
      "Statut": "Référencé",
      "Dispo": "En stock",
      "Prix d'achat unitaire €HT": 3,
      "Image produits sans fond": [
        {
          "id": "att2vOk97ubciDlcv",
          "width": 408,
          "height": 612,
          "url": "https://dl.airtable.com/.attachments/c3871dd5e866b4842710d05643b4afdb/242dcc85/Toutchoco.png?ts=1654586294&userId=usrF6kLgBaja75CMj&cs=0d7062b175a06562",
          "filename": "Tout choco.png",
          "size": 211428,
          "type": "image/png",
          "thumbnails": {
            "small": {
              "url": "https://dl.airtable.com/.attachmentThumbnails/1e193d7730adb172c864a744c75bb52e/1646d977?ts=1654586294&userId=usrF6kLgBaja75CMj&cs=92acd13e055dd77c",
              "width": 24,
              "height": 36
            },
            "large": {
              "url": "https://dl.airtable.com/.attachmentThumbnails/3ce836a1484a4ea8211e51ffc938d5fe/9bb089f9?ts=1654586294&userId=usrF6kLgBaja75CMj&cs=db328f52e1e2f1e5",
              "width": 408,
              "height": 612
            },
            "full": {
              "url": "https://dl.airtable.com/.attachmentThumbnails/df4a185246ed6890db6bcf3ee4fd02ae/adc4c9f6?ts=1654586294&userId=usrF6kLgBaja75CMj&cs=b5a9283d946ec449",
              "width": 3000,
              "height": 3000
            }
          }
        }
      ],
      "Référence Fournisseur": "A30",
      "UVC - Conditionnement": "sachet",
      "UVC - Poids/vol": 160,
      "UVC - Unité": "g",
      "Prix d'achat kg/g/L €HT": 18.75,
      "Unité d'achat(X*UV)": 1,
      "Tx TVA": 0.055,
      "Produit Pro": true,
      "Produit Particulier": true,
      "Tarif Particulier TTC": 5.064,
      "numéro": 39,
      "Code Fournisseur (from Fournisseurs)": "FR69.0026",
      "Département (from Coordonnées Sociétés)": ["RHÔNE"],
      "DESIGNATION": "CROQUANT TOUT CHOCO",
      "Conditionnement": "sachet 160 g",
      "Tarif Pro (HT)": 4.5,
      "Tarif Pro (HT) au Kg/L": 28.125,
      "Unité Vente": 1,
      "Tarif Particulier TTC Arrondi": 5.1000000000000005,
      "Image produits avec fond": [
        {
          "id": "att2vOk97ubciDlcv",
          "width": 408,
          "height": 612,
          "url": "https://dl.airtable.com/.attachments/c3871dd5e866b4842710d05643b4afdb/242dcc85/Toutchoco.png?ts=1654586294&userId=usrF6kLgBaja75CMj&cs=0d7062b175a06562",
          "filename": "Tout choco.png",
          "size": 211428,
          "type": "image/png",
          "thumbnails": {
            "small": {
              "url": "https://dl.airtable.com/.attachmentThumbnails/1e193d7730adb172c864a744c75bb52e/1646d977?ts=1654586294&userId=usrF6kLgBaja75CMj&cs=92acd13e055dd77c",
              "width": 24,
              "height": 36
            },
            "large": {
              "url": "https://dl.airtable.com/.attachmentThumbnails/3ce836a1484a4ea8211e51ffc938d5fe/9bb089f9?ts=1654586294&userId=usrF6kLgBaja75CMj&cs=db328f52e1e2f1e5",
              "width": 408,
              "height": 612
            },
            "full": {
              "url": "https://dl.airtable.com/.attachmentThumbnails/df4a185246ed6890db6bcf3ee4fd02ae/adc4c9f6?ts=1654586294&userId=usrF6kLgBaja75CMj&cs=b5a9283d946ec449",
              "width": 3000,
              "height": 3000
            }
          }
        }
      ],
      "Nom complet Produit pour formulaire de Mouvement de Stock": "sachet 160 g-CROQUANT TOUT CHOCO//Biscuits et Gourmandises//FR69.0026.00039",
      "Prix de vente typeform € TTC": 4.9,
      "DESIGNATION TYPEFORM": "Croquant tout choco - 160g -  // 4.90€",
      "Hypothèse 15% marge px pro": 5.5852941176470585,
      "CATEGORIE/TYPE": "Épicerie sucrée>Biscuiterie",
      "Condi.": "sachet\n160 g",
      "Disponibilité": "En stock",
      "PRODUCTEUR": "BISCUITS ET GOURMANDISES",
      "Spécificités": "Chocolat",
      "Commande Fournisseurs": "FR69.0026-10/03/2022",
      "Désignation Produit": "CROQUANT TOUT CHOCO - sachet 160 g",
      "Désignation Produit 1 ligne": "CROQUANT TOUT CHOCO - sachet 160 g",
      "Unité de vente détaillée": "1 X 160 g",
      "Délais d'appro (jours) (from FOURNISSEUR)": "3",
      "Nom de la Société (from FOURNISSEUR)": "Biscuits et Gourmandises",
      "Descriptif Producteur (from FOURNISSEUR)": "Artisans Biscuitiers 100% lyonnais.  Une production de biscuits sains commence par la sélection d’ingrédients de qualité sans colorant ni conservateurs issus de producteurs locaux. Des produits issus de producteurs choisis pour leur savoirs-faires. Toutefois, la qualité particulière des ingrédients ne constituait pas une condition suffisante. Il fallait, de surcroît, qu’ils proviennent de lieux de production situés à moins de 100 km de Lyon, ville où se situe notre atelier. En effet, dès le début de l’aventure, nous avons souhaité inscrire notre démarche dans une logique éco-responsable. Il n’est pas toujours évident d’ailleurs d’associer le local et la qualité, certains ingrédients étant totalement absents du paysage Rhône-alpin (le sucre par exemple, produit exclusivement au nord de la Loire mais aussi, des produits plus exotiques comme la vanille ou la fève de tonka). Au final, selon les recettes, 70 à 75% de nos ingrédients proviennent de producteurs ou fabricants situés à moins de 100 kms de notre atelier. Toujours côté ingrédients, nous avons fait le choix volontaire de n’intégrer aucun additif chimique, aucun conservateur ni aucun arôme artificiel. Nous avons également pris le parti de diminuer le sucre au maximum. En effet, il est souvent le point noir des biscuits les plus couramment vendus dans le commerce. Les ingrédients naturels utilisés suffisent à assurer des saveurs franches et durables. Côtés ingrédients, nous avons pris le temps de rencontrer de nombreux artisans, fabricants ou producteurs. ",
      "Photos Producteurs (from FOURNISSEUR)": [
        {
          "id": "attppXubGSnti3Sh3",
          "width": 1500,
          "height": 1200,
          "url": "https://dl.airtable.com/.attachments/8b61a199d9485a41ce7a427be690db5f/c0318fae/2018-07-03-ISARA-10-ans-incubateur-31.jpg?ts=1654586294&userId=usrF6kLgBaja75CMj&cs=bcfc5403ebf1098f",
          "filename": "2018-07-03-ISARA-10-ans-incubateur-31.jpg",
          "size": 219771,
          "type": "image/jpeg",
          "thumbnails": {
            "small": {
              "url": "https://dl.airtable.com/.attachmentThumbnails/78b73e49e2a653b0b0154fb76ae65be4/860f81ab?ts=1654586294&userId=usrF6kLgBaja75CMj&cs=fd2b05048d7300b5",
              "width": 45,
              "height": 36
            },
            "large": {
              "url": "https://dl.airtable.com/.attachmentThumbnails/afea340757642673ee04d662ad853210/86c2aff3?ts=1654586294&userId=usrF6kLgBaja75CMj&cs=2c3375c46a81f6eb",
              "width": 640,
              "height": 512
            },
            "full": {
              "url": "https://dl.airtable.com/.attachmentThumbnails/ee3e84d32a1e95b770f2fac17d2a617c/bdbf2e15?ts=1654586294&userId=usrF6kLgBaja75CMj&cs=8cb46eaca740dad2",
              "width": 3000,
              "height": 3000
            }
          }
        }
      ],
      "Département (from FOURNISSEUR)": ["RHÔNE"],
      "Code Postal (from FOURNISSEUR)": "69500",
      "Ville (from FOURNISSEUR)": "BRON",
      "STOCK DISPO (from Passerelle Stock vers BDD Produits/Producteurs)": "6",
      "Import CSV Shopify": "FR69.0026.00039",
      "Localisation (from FOURNISSEUR)": "69500 - BRON - RHÔNE"
    },
    "name": "Croquant tout choco",
    "weight": "sachet 160 g",
    "price": "3.00",
    "pricePerKg": "18.75",
    "stock": "En stock",
    "picture": "https://dl.airtable.com/.attachments/c3871dd5e866b4842710d05643b4afdb/242dcc85/Toutchoco.png?ts=1654586294&userId=usrF6kLgBaja75CMj&cs=0d7062b175a06562"
  },
  {
    "id": "recDWb63l2jm6eoga",
    "info": {
      "Code Produit QotQot": "FR73.0001.01333",
      "FOURNISSEUR": "Conserverie des Alpes",
      "Produit": "Babas à la Chartreuse verte",
      "Catégorie": ["Épicerie sucrée"],
      "Type": ["Biscuiterie"],
      "Spécificité": "Alcool",
      "Statut": "Référencé",
      "Dispo": "En rupture",
      "Prix d'achat unitaire €HT": 5.48,
      "Descriptif Produit": "Des babas bouchon dans un sirop aux parfums des 130 plantes qui composent la chartreuse verte",
      "Image produits sans fond": [
        {
          "id": "attxyVhcOIKPfnMwg",
          "width": 500,
          "height": 500,
          "url": "https://dl.airtable.com/.attachments/1af41384e9d0dcd9ed6cd31ebc853157/2a005276/babas-chartreuse-removebg-preview.png?ts=1654586294&userId=usrF6kLgBaja75CMj&cs=fce45729986aaa47",
          "filename": "babas-chartreuse-removebg-preview.png",
          "size": 251549,
          "type": "image/png",
          "thumbnails": {
            "small": {
              "url": "https://dl.airtable.com/.attachmentThumbnails/3563473d5cf99280ad86214f892d2c89/de19a948?ts=1654586294&userId=usrF6kLgBaja75CMj&cs=8d9a0d3c9cc154f0",
              "width": 36,
              "height": 36
            },
            "large": {
              "url": "https://dl.airtable.com/.attachmentThumbnails/1d126b5f6f5da397ae8bbce024e22c06/08c39dcf?ts=1654586294&userId=usrF6kLgBaja75CMj&cs=7d901d1562e79b16",
              "width": 500,
              "height": 500
            },
            "full": {
              "url": "https://dl.airtable.com/.attachmentThumbnails/57357f1e05f8809073702655e3074312/344290ad?ts=1654586294&userId=usrF6kLgBaja75CMj&cs=cb8003eab7fd9ecf",
              "width": 3000,
              "height": 3000
            }
          }
        }
      ],
      "EAN 13": { "text": "3 770 013 202 032" },
      "DDM (mois)": 24,
      "UVC - Conditionnement": "bocal verre",
      "UVC - Poids/vol": 330,
      "UVC - Unité": "g",
      "Prix d'achat kg/g/L €HT": 16.606060606060606,
      "Unité d'achat(X*UV)": 6,
      "Tx TVA": 0.055,
      "Produit Pro": true,
      "Produit Particulier": true,
      "Tarif Particulier TTC": 9.25024,
      "numéro": 1333,
      "Code Fournisseur (from Fournisseurs)": "FR73.0001",
      "Département (from Coordonnées Sociétés)": ["SAVOIE"],
      "Franco €": "€450",
      "DESIGNATION": "BABAS À LA CHARTREUSE VERTE",
      "Conditionnement": "bocal verre 330 g",
      "Tarif Pro (HT)": 8.22,
      "Tarif Pro (HT) au Kg/L": 24.909090909090914,
      "Unité Vente": 1,
      "Tarif Particulier TTC Arrondi": 9.3,
      "Image produits avec fond": [
        {
          "id": "attxyVhcOIKPfnMwg",
          "width": 500,
          "height": 500,
          "url": "https://dl.airtable.com/.attachments/1af41384e9d0dcd9ed6cd31ebc853157/2a005276/babas-chartreuse-removebg-preview.png?ts=1654586294&userId=usrF6kLgBaja75CMj&cs=fce45729986aaa47",
          "filename": "babas-chartreuse-removebg-preview.png",
          "size": 251549,
          "type": "image/png",
          "thumbnails": {
            "small": {
              "url": "https://dl.airtable.com/.attachmentThumbnails/3563473d5cf99280ad86214f892d2c89/de19a948?ts=1654586294&userId=usrF6kLgBaja75CMj&cs=8d9a0d3c9cc154f0",
              "width": 36,
              "height": 36
            },
            "large": {
              "url": "https://dl.airtable.com/.attachmentThumbnails/1d126b5f6f5da397ae8bbce024e22c06/08c39dcf?ts=1654586294&userId=usrF6kLgBaja75CMj&cs=7d901d1562e79b16",
              "width": 500,
              "height": 500
            },
            "full": {
              "url": "https://dl.airtable.com/.attachmentThumbnails/57357f1e05f8809073702655e3074312/344290ad?ts=1654586294&userId=usrF6kLgBaja75CMj&cs=cb8003eab7fd9ecf",
              "width": 3000,
              "height": 3000
            }
          }
        }
      ],
      "Nom complet Produit pour formulaire de Mouvement de Stock": "bocal verre 330 g-BABAS À LA CHARTREUSE VERTE//Conserverie des Alpes//FR73.0001.01333",
      "Prix de vente € TTC conseillé": 8.9,
      "Prix de vente typeform € TTC": 11.7,
      "DESIGNATION TYPEFORM": "Babas à la Chartreuse verte - 330g -  // 11.70€",
      "Hypothèse 15% marge px pro": 10.202470588235295,
      "Idée Recette": "Seul ou En accompagnement d'une boule de glace . L'ABUS D'ALCOOL EST DANGEREUX POUR LA SANTE.",
      "CATEGORIE/TYPE": "Épicerie sucrée>Biscuiterie",
      "Condi.": "bocal verre\n330 g",
      "Disponibilité": "En rupture",
      "PRODUCTEUR": "CONSERVERIE DES ALPES",
      "Spécificités": "Alcool",
      "Désignation Produit": "BABAS À LA CHARTREUSE VERTE - bocal verre 330 g",
      "Désignation Produit 1 ligne": "BABAS À LA CHARTREUSE VERTE - bocal verre 330 g",
      "Unité de vente détaillée": "1 X 330 g",
      "Délais d'appro (jours) (from FOURNISSEUR)": "21",
      "Nom de la Société (from FOURNISSEUR)": "Conserverie des Alpes",
      "Descriptif Producteur (from FOURNISSEUR)": "Nous avons créé la Conserverie des Alpes avec l’ambition de vous apporter plaisirs gustatifs et convivialité. C’est pourquoi, jour après jour, dans notre atelier situé entre Chambery et Grenoble, nous cuisinons nos recettes avec des produits de qualité et dans la tradition . Nous privilégions la vente dans les magasins proches de chez-vous, mais comme nous ne pouvons être « devant l’autoclave et sur les routes « , ce site permet au plus grand nombre de découvrir nos produits. Parce que c’est bon d’être gourmands !",
      "Photos Producteurs (from FOURNISSEUR)": [
        {
          "id": "attjcF2CJtWLGkjEK",
          "width": 512,
          "height": 728,
          "url": "https://dl.airtable.com/.attachments/32b29f93de66665409977112ba217470/e38b3484/Createurs-CDA.jpg?ts=1654586294&userId=usrF6kLgBaja75CMj&cs=ee52e17ce7e2d33b",
          "filename": "Createurs-CDA.jpg",
          "size": 43813,
          "type": "image/jpeg",
          "thumbnails": {
            "small": {
              "url": "https://dl.airtable.com/.attachmentThumbnails/ed10470eb20d1d076185c8c8af8c5f45/78397610?ts=1654586294&userId=usrF6kLgBaja75CMj&cs=db881180be934211",
              "width": 25,
              "height": 36
            },
            "large": {
              "url": "https://dl.airtable.com/.attachmentThumbnails/44c4acd035b550bbf875ea8452bae033/efe31b06?ts=1654586294&userId=usrF6kLgBaja75CMj&cs=108131636cbd9af8",
              "width": 512,
              "height": 728
            },
            "full": {
              "url": "https://dl.airtable.com/.attachmentThumbnails/df1bf8335b9e56bdaed5b79d079fa35c/9ee4a76a?ts=1654586294&userId=usrF6kLgBaja75CMj&cs=1d96d85a461781a0",
              "width": 3000,
              "height": 3000
            }
          }
        }
      ],
      "Label (from FOURNISSEUR)": ["CCF", "La région du goût", "Artisan"],
      "LABEL LOGO (from FOURNISSEUR)": [
        {
          "id": "attcurDrdzv3WKzgX",
          "width": 300,
          "height": 425,
          "url": "https://dl.airtable.com/.attachments/10facc442036878f053ebf722b1343f6/2a15cee3/plaque-paq.png?ts=1654586294&userId=usrF6kLgBaja75CMj&cs=080b49b6a7ea772d",
          "filename": "plaque-paq.png",
          "size": 138645,
          "type": "image/png",
          "thumbnails": {
            "small": {
              "url": "https://dl.airtable.com/.attachmentThumbnails/38371e0c27d08b60b7aca3de929bcf3e/e0b6290c?ts=1654586294&userId=usrF6kLgBaja75CMj&cs=cebbfc385f1e5d77",
              "width": 25,
              "height": 36
            },
            "large": {
              "url": "https://dl.airtable.com/.attachmentThumbnails/b92f3ffee601e21d2439f0ae4fa81bb4/44090614?ts=1654586294&userId=usrF6kLgBaja75CMj&cs=149ca51a9ec96106",
              "width": 300,
              "height": 425
            },
            "full": {
              "url": "https://dl.airtable.com/.attachmentThumbnails/42abe8cd9a52bb00677ca947e8e9a8a5/00a1acb8?ts=1654586294&userId=usrF6kLgBaja75CMj&cs=cdebeaaf190cc367",
              "width": 3000,
              "height": 3000
            }
          }
        },
        {
          "id": "attoI3DHRMHpznywN",
          "width": 800,
          "height": 800,
          "url": "https://dl.airtable.com/.attachments/4a3bae4d1814fec4e2ffde387cfae864/e41f1169/logos_La_region_du_Gout-03.jpg?ts=1654586294&userId=usrF6kLgBaja75CMj&cs=4dc6d95a4ce079da",
          "filename": "logos_La_region_du_Gout-03.jpg",
          "size": 70362,
          "type": "image/jpeg",
          "thumbnails": {
            "small": {
              "url": "https://dl.airtable.com/.attachmentThumbnails/3da61959bea884f02da3cdce1fcad559/688c5670?ts=1654586294&userId=usrF6kLgBaja75CMj&cs=60033a06bfbd7bb3",
              "width": 36,
              "height": 36
            },
            "large": {
              "url": "https://dl.airtable.com/.attachmentThumbnails/751437f5a1d06e5f36486efc1724af78/fe52cc4d?ts=1654586294&userId=usrF6kLgBaja75CMj&cs=c5147a277ddd54c8",
              "width": 512,
              "height": 512
            },
            "full": {
              "url": "https://dl.airtable.com/.attachmentThumbnails/a2bcbbeedac491f72e167235b1dc60ca/750a3d80?ts=1654586294&userId=usrF6kLgBaja75CMj&cs=19671c8c51d3fbc9",
              "width": 3000,
              "height": 3000
            }
          }
        },
        {
          "id": "attSI3KuvyR9WvChA",
          "width": 820,
          "height": 527,
          "url": "https://dl.airtable.com/.attachments/af20cec29a0ddcc368c0355ce52e7e8a/12cde9a3/Artisan_Logo_Image_Handicraft_PNG_1271x817px_Artisan_Area_Art_...?ts=1654586294&userId=usrF6kLgBaja75CMj&cs=9b3483ea535204b5",
          "filename": "Artisan_Logo_Image_Handicraft_PNG_1271x817px_Artisan_Area_Art_...",
          "size": 45959,
          "type": "image/jpeg",
          "thumbnails": {
            "small": {
              "url": "https://dl.airtable.com/.attachmentThumbnails/b7ba114a701b90f3cd85ad2577cd9a01/328d53c9?ts=1654586294&userId=usrF6kLgBaja75CMj&cs=5fc3883162e2d7c0",
              "width": 56,
              "height": 36
            },
            "large": {
              "url": "https://dl.airtable.com/.attachmentThumbnails/13ecb8c937681cd9299eff7240b57ba0/435556c6?ts=1654586294&userId=usrF6kLgBaja75CMj&cs=75dee0e852932cb0",
              "width": 797,
              "height": 512
            },
            "full": {
              "url": "https://dl.airtable.com/.attachmentThumbnails/da825dab455a5dda70c6e43dd599ee46/890ebc41?ts=1654586294&userId=usrF6kLgBaja75CMj&cs=29d3c522557a6ecf",
              "width": 3000,
              "height": 3000
            }
          }
        }
      ],
      "Département (from FOURNISSEUR)": ["SAVOIE"],
      "Code Postal (from FOURNISSEUR)": "73230",
      "Ville (from FOURNISSEUR)": " VEREL PRAGONDRAN",
      "STOCK DISPO (from Passerelle Stock vers BDD Produits/Producteurs)": "0",
      "Import CSV Shopify": "FR73.0001.01333",
      "Localisation (from FOURNISSEUR)": "73230 -  VEREL PRAGONDRAN - SAVOIE"
    },
    "name": "Babas à la Chartreuse verte",
    "weight": "bocal verre 330 g",
    "price": "5.48",
    "pricePerKg": "16.61",
    "stock": "En rupture",
    "picture": "https://dl.airtable.com/.attachments/1af41384e9d0dcd9ed6cd31ebc853157/2a005276/babas-chartreuse-removebg-preview.png?ts=1654586294&userId=usrF6kLgBaja75CMj&cs=fce45729986aaa47"
  },
  {
    "id": "recDm4dcvzYTJWUf2",
    "info": {
      "Code Produit QotQot": "ADEFINIR24.00860",
      "FOURNISSEUR": "Patrimoniam",
      "Produit": "Saucisson sec au vin du Beaujolais 220 gr environ",
      "Catégorie": ["Charcuteries et salaisons"],
      "Type": ["Salaisons"],
      "Spécificité": "Porc",
      "Statut": "Nous consulter",
      "Dispo": "Nous consulter",
      "Prix d'achat unitaire €HT": 3.96,
      "Descriptif Produit": "Ingrédients : Maigre de porc et de bœuf, sel et poivre, ail, vin rouge, sucre de canne\nUn simple saucisson sec, mais à l’ancienne ! Un saucisson sec dont les viandes macèrent dans le beaujolais.",
      "Image produits sans fond": [
        {
          "id": "attrkcQRBZGV6KFhG",
          "width": 672,
          "height": 371,
          "url": "https://dl.airtable.com/.attachments/c194920c8ddb06fa130c2d88911b4667/c30214e7/patrimonoiam_2-removebg-preview.png?ts=1654586294&userId=usrF6kLgBaja75CMj&cs=759a389c7df38976",
          "filename": "patrimonoiam_2-removebg-preview.png",
          "size": 160802,
          "type": "image/png",
          "thumbnails": {
            "small": {
              "url": "https://dl.airtable.com/.attachmentThumbnails/8166fd68e118dc2a6ae6b567b1dbe52d/72a9b289?ts=1654586294&userId=usrF6kLgBaja75CMj&cs=49777c43240dfdb5",
              "width": 65,
              "height": 36
            },
            "large": {
              "url": "https://dl.airtable.com/.attachmentThumbnails/80abf269d2d68c589a2849293be38c99/5c75bc8f?ts=1654586294&userId=usrF6kLgBaja75CMj&cs=92f7773cbdf5ec9b",
              "width": 672,
              "height": 371
            },
            "full": {
              "url": "https://dl.airtable.com/.attachmentThumbnails/24bfabd845a426c1fe727aaedd5e6c57/ea3b39b9?ts=1654586294&userId=usrF6kLgBaja75CMj&cs=b61be569278ac740",
              "width": 3000,
              "height": 3000
            }
          }
        }
      ],
      "SIQO": ["BIO"],
      "UVC - Conditionnement": "pièce brute",
      "UVC - Poids/vol": 220,
      "UVC - Unité": "g",
      "Prix d'achat kg/g/L €HT": 18,
      "Unité d'achat(X*UV)": 1,
      "Tx TVA": 0.055,
      "Produit Pro": true,
      "Produit Particulier": true,
      "Tarif Particulier TTC": 6.68448,
      "numéro": 860,
      "Code Fournisseur (from Fournisseurs)": "ADEFINIR24",
      "Département (from Coordonnées Sociétés)": ["RHÔNE"],
      "DESIGNATION": "SAUCISSON SEC AU VIN DU BEAUJOLAIS 220 GR ENVIRON - BIO",
      "Conditionnement": "pièce brute 220 g",
      "Tarif Pro (HT)": 5.9399999999999995,
      "Tarif Pro (HT) au Kg/L": 26.999999999999996,
      "Unité Vente": 1,
      "Tarif Particulier TTC Arrondi": 6.7,
      "LABEL": [
        {
          "id": "attdzLJnjcNd0rRmE",
          "width": 1335,
          "height": 606,
          "url": "https://dl.airtable.com/.attachments/0e9e633af4f109241b1f6cc70f2cb0bc/fe8d7a9e/Capture-2.png?ts=1654586294&userId=usrF6kLgBaja75CMj&cs=aea7a14f8a72c9bc",
          "filename": "Capture-2.png",
          "size": 105113,
          "type": "image/png",
          "thumbnails": {
            "small": {
              "url": "https://dl.airtable.com/.attachmentThumbnails/5e394e47a9ef364059f4dd554b2473c3/1cd419bf?ts=1654586294&userId=usrF6kLgBaja75CMj&cs=2215178bbd0704ff",
              "width": 79,
              "height": 36
            },
            "large": {
              "url": "https://dl.airtable.com/.attachmentThumbnails/e8ae48781a550c1899f42cc102006df4/47cf57c9?ts=1654586294&userId=usrF6kLgBaja75CMj&cs=0f384d2befc8856f",
              "width": 1128,
              "height": 512
            },
            "full": {
              "url": "https://dl.airtable.com/.attachmentThumbnails/4b4f2305169a6254d9ae9f526c9dedef/b11e2141?ts=1654586294&userId=usrF6kLgBaja75CMj&cs=12316e7ecbc90f2c",
              "width": 3000,
              "height": 3000
            }
          }
        }
      ],
      "Image produits avec fond": [
        {
          "id": "att72EVCSwtYhM0wk",
          "width": 800,
          "height": 442,
          "url": "https://dl.airtable.com/.attachments/2dbfe557aaf59f6662b2f4833cbbdf61/0d4f897b/saucisson-sec.jpg?ts=1654586294&userId=usrF6kLgBaja75CMj&cs=1f403523bab13c4a",
          "filename": "saucisson-sec.jpg",
          "size": 27318,
          "type": "image/jpeg",
          "thumbnails": {
            "small": {
              "url": "https://dl.airtable.com/.attachmentThumbnails/30280a978bfd3c12f95b191bfb0b7df5/a25d9f9a?ts=1654586294&userId=usrF6kLgBaja75CMj&cs=0f39fd2f6e59a767",
              "width": 65,
              "height": 36
            },
            "large": {
              "url": "https://dl.airtable.com/.attachmentThumbnails/20826f340ab35bbfc56ae438b4271499/077eb553?ts=1654586294&userId=usrF6kLgBaja75CMj&cs=2d721f51b42f249a",
              "width": 800,
              "height": 442
            },
            "full": {
              "url": "https://dl.airtable.com/.attachmentThumbnails/2e87db451b213ddc3b68c3dc882865e1/441c55fb?ts=1654586294&userId=usrF6kLgBaja75CMj&cs=39b9782f57cc2211",
              "width": 3000,
              "height": 3000
            }
          }
        }
      ],
      "Nom complet Produit pour formulaire de Mouvement de Stock": "pièce brute 220 g-SAUCISSON SEC AU VIN DU BEAUJOLAIS 220 GR ENVIRON - BIO//Patrimoniam//ADEFINIR24.00860",
      "Prix de vente typeform € TTC": 7.6,
      "DESIGNATION TYPEFORM": "Saucisson sec au vin du Beaujolais 220 gr environ - 220g - BIO // 7.60€",
      "Hypothèse 15% marge px pro": 7.372588235294116,
      "Idée Recette": "Un grand classique que l’on retrouve à l’apéritif, en entrée, ou en sandwich, et qui ravit toujours les papilles ! Surtout quand on n’y met que des bons ingrédients.",
      "CATEGORIE/TYPE": "Charcuteries et salaisons>Salaisons",
      "Condi.": "pièce brute\n220 g",
      "Disponibilité": "Nous consulter",
      "PRODUCTEUR": "PATRIMONIAM",
      "Spécificités": "Porc",
      "Désignation Produit": "SAUCISSON SEC AU VIN DU BEAUJOLAIS 220 GR ENVIRON - BIO - pièce brute 220 g",
      "Désignation Produit 1 ligne": "SAUCISSON SEC AU VIN DU BEAUJOLAIS 220 GR ENVIRON - BIO - pièce brute 220 g",
      "Unité de vente détaillée": "1 X 220 g",
      "Délais d'appro (jours) (from FOURNISSEUR)": "6",
      "Nom de la Société (from FOURNISSEUR)": "Patrimoniam",
      "Descriptif Producteur (from FOURNISSEUR)": "Nous sommes Sophie, Stéphane et Frédéric, la brigade du goût! Sophie, organisatrice de réceptions pour entreprises, se charge dorénavant de la partie commerciale, administrative et financière de notre maison. Stéphane, chef de production puis directeur d’établissement en restauration, est quant à lui “l’homme clef” puisque c’est entre ses mains (ou ses couteaux!) que sont triées les viandes ensuite transformées en saucissons crus ou secs. Frédéric, c’est l’expert en marketing et fervent défenseur des bons produits. Ancré dans le monde de la gastronomie, il a tissé au fil de son parcours professionnel un réseau conséquent d’acteurs du secteur agroalimentaire. Engagés dans cette aventure où nous nous reconnaissons en tant qu’entrepreneurs, parents, mais aussi citoyen, nous avons avant tout l’envie de vous transmettre ce qui nous lie: le bon et le bien-manger!",
      "Photos Producteurs (from FOURNISSEUR)": [
        {
          "id": "attdLH8aCNnr0Tjqo",
          "width": 625,
          "height": 417,
          "url": "https://dl.airtable.com/.attachments/ed07e92eff7cb1164f1467742ef63de6/5d9ee901/Patrimonian-Portraits.jpg.webp?ts=1654586294&userId=usrF6kLgBaja75CMj&cs=9dba78d68a2e5a93",
          "filename": "Patrimonian-Portraits.jpg.webp",
          "size": 26914,
          "type": "image/webp",
          "thumbnails": {
            "small": {
              "url": "https://dl.airtable.com/.attachmentThumbnails/a63e875f98c0d373126dfd03ead9c0cf/99186dc5.png?ts=1654586294&userId=usrF6kLgBaja75CMj&cs=444c679eefb5a5d9",
              "width": 54,
              "height": 36
            },
            "large": {
              "url": "https://dl.airtable.com/.attachmentThumbnails/d315d84a8b728badd02237abde7a9788/a985be22.png?ts=1654586294&userId=usrF6kLgBaja75CMj&cs=5074890b6be35e4a",
              "width": 625,
              "height": 417
            },
            "full": {
              "url": "https://dl.airtable.com/.attachmentThumbnails/e32c8175e9a93862285db8d9b6c75c61/aba50ba0.png?ts=1654586294&userId=usrF6kLgBaja75CMj&cs=aff1ad6337b35a32",
              "width": 3000,
              "height": 3000
            }
          }
        },
        {
          "id": "attuEMVJrcML17eq3",
          "width": 800,
          "height": 442,
          "url": "https://dl.airtable.com/.attachments/6b8a94a829379a6e85453136ac8bf169/7f3d57bb/veritable-saucisson-de-lyon-bio-patrimoniam-2.jpg.webp?ts=1654586294&userId=usrF6kLgBaja75CMj&cs=36e3ffeaeb3e2d5f",
          "filename": "veritable-saucisson-de-lyon-bio-patrimoniam-2.jpg.webp",
          "size": 26744,
          "type": "image/webp",
          "thumbnails": {
            "small": {
              "url": "https://dl.airtable.com/.attachmentThumbnails/35fab90f902e2054d985fc811267f9fa/b5f6edd8.png?ts=1654586294&userId=usrF6kLgBaja75CMj&cs=23a8ec3ecfdb181c",
              "width": 65,
              "height": 36
            },
            "large": {
              "url": "https://dl.airtable.com/.attachmentThumbnails/469f589f6b21982dab360ff2ad782c42/efd1bf9c.png?ts=1654586294&userId=usrF6kLgBaja75CMj&cs=f8858c3a301a2c14",
              "width": 800,
              "height": 442
            },
            "full": {
              "url": "https://dl.airtable.com/.attachmentThumbnails/9244b2b627f8122d6f27f42ef99d9713/554006e6.png?ts=1654586294&userId=usrF6kLgBaja75CMj&cs=f0b5036f97a9802c",
              "width": 3000,
              "height": 3000
            }
          }
        },
        {
          "id": "attUUtbjQ4aQs9cz7",
          "width": 800,
          "height": 442,
          "url": "https://dl.airtable.com/.attachments/a6b8d15cda09de0368ce2697032609ae/b386848b/veritable-saucisson-de-lyon-bio-patrimoniam-5.jpg.webp?ts=1654586294&userId=usrF6kLgBaja75CMj&cs=d4e52199381bf9f5",
          "filename": "veritable-saucisson-de-lyon-bio-patrimoniam-5.jpg.webp",
          "size": 30040,
          "type": "image/webp",
          "thumbnails": {
            "small": {
              "url": "https://dl.airtable.com/.attachmentThumbnails/e16016ef355e1106ee460837895304f8/8ef9ebba.png?ts=1654586294&userId=usrF6kLgBaja75CMj&cs=05aa46272f6f27c3",
              "width": 65,
              "height": 36
            },
            "large": {
              "url": "https://dl.airtable.com/.attachmentThumbnails/64bf4acd376280c0440cb33189a89c66/d259f04d.png?ts=1654586294&userId=usrF6kLgBaja75CMj&cs=7f047cc3d6abe8b0",
              "width": 800,
              "height": 442
            },
            "full": {
              "url": "https://dl.airtable.com/.attachmentThumbnails/055b61b22b59f9a330acbf7ba1fd649c/a241c3cb.png?ts=1654586294&userId=usrF6kLgBaja75CMj&cs=92c9e3c97a6caac2",
              "width": 3000,
              "height": 3000
            }
          }
        },
        {
          "id": "att0AHDUBS0xmEO46",
          "width": 800,
          "height": 442,
          "url": "https://dl.airtable.com/.attachments/c8f35667c84fcfe642b7395a195e2c01/eb32afa4/image.jpg.webp?ts=1654586294&userId=usrF6kLgBaja75CMj&cs=86f244889e114b07",
          "filename": "image.jpg.webp",
          "size": 38996,
          "type": "image/webp",
          "thumbnails": {
            "small": {
              "url": "https://dl.airtable.com/.attachmentThumbnails/5ed37037f1e7c72ba285a0a5bdc8beda/59dc52ca.png?ts=1654586294&userId=usrF6kLgBaja75CMj&cs=3ddd20d1f05a6f82",
              "width": 65,
              "height": 36
            },
            "large": {
              "url": "https://dl.airtable.com/.attachmentThumbnails/1b78bae5686e83183ba86f6c82b974be/17734fbd.png?ts=1654586294&userId=usrF6kLgBaja75CMj&cs=7c2b2c45b4538022",
              "width": 800,
              "height": 442
            },
            "full": {
              "url": "https://dl.airtable.com/.attachmentThumbnails/8842ca9fd4b7ce4403b60e5b7d1b6827/a2188914.png?ts=1654586294&userId=usrF6kLgBaja75CMj&cs=910da8cd9dd047e4",
              "width": 3000,
              "height": 3000
            }
          }
        }
      ],
      "Label (from FOURNISSEUR)": ["AB"],
      "LABEL LOGO (from FOURNISSEUR)": [
        {
          "id": "atthdViQyZ14LUu8l",
          "width": 1335,
          "height": 606,
          "url": "https://dl.airtable.com/.attachments/0d38d4bd251d74a58a370972d36e2d16/bbd1e6dd/Capture-2.png?ts=1654586294&userId=usrF6kLgBaja75CMj&cs=5613e82b554bf6db",
          "filename": "Capture-2.png",
          "size": 105113,
          "type": "image/png",
          "thumbnails": {
            "small": {
              "url": "https://dl.airtable.com/.attachmentThumbnails/d29e6895f30966e9dd650c26d42c694c/528b8acc?ts=1654586294&userId=usrF6kLgBaja75CMj&cs=4a7960b96ffd4eb6",
              "width": 79,
              "height": 36
            },
            "large": {
              "url": "https://dl.airtable.com/.attachmentThumbnails/43bc2d03176c12b59a06a15126d895c5/2d781fa8?ts=1654586294&userId=usrF6kLgBaja75CMj&cs=2d8a117035c3edfd",
              "width": 1128,
              "height": 512
            },
            "full": {
              "url": "https://dl.airtable.com/.attachmentThumbnails/c10f50df2e56d08c78870d0f258cabc7/c7210777?ts=1654586294&userId=usrF6kLgBaja75CMj&cs=bd975310d2340565",
              "width": 3000,
              "height": 3000
            }
          }
        }
      ],
      "Département (from FOURNISSEUR)": ["RHÔNE"],
      "Code Postal (from FOURNISSEUR)": "69140",
      "Ville (from FOURNISSEUR)": "Rillieux-la-pape",
      "STOCK DISPO (from Passerelle Stock vers BDD Produits/Producteurs)": "0",
      "Import CSV Shopify": "ADEFINIR24.00860",
      "Localisation (from FOURNISSEUR)": "69140 - RILLIEUX-LA-PAPE - RHÔNE"
    },
    "name": "Saucisson sec au vin du Beaujolais 220 gr environ",
    "weight": "pièce brute 220 g",
    "price": "3.96",
    "pricePerKg": "18.00",
    "stock": "Nous consulter",
    "picture": "https://dl.airtable.com/.attachments/c194920c8ddb06fa130c2d88911b4667/c30214e7/patrimonoiam_2-removebg-preview.png?ts=1654586294&userId=usrF6kLgBaja75CMj&cs=759a389c7df38976"
  },
  {
    "id": "recDwYNc6LpIwitmC",
    "info": {
      "Code Produit QotQot": "FR01.0007.00672",
      "FOURNISSEUR": "Max Daumin",
      "Produit": "Curry « Recette Maison »",
      "Catégorie": ["Épicerie salée"],
      "Type": ["Epices"],
      "Spécificité": "Assemblage d'épices",
      "Statut": "Référencé",
      "Dispo": "En stock",
      "Prix d'achat unitaire €HT": 7.5,
      "Descriptif Produit": "La recette maison du curry est élaborée par Max. C’est un assemblage subtil de 12 épices. Il vous apportera des notes fruitées et florales avec de puissants parfums. C’est un curry doux, pas de piquant au programme. Les épices qui le composent viennent d’Inde, Madagascar, Hongrie et France. Toutes sélectionnées directement par nos soins. ",
      "UVC - Conditionnement": "sachet",
      "UVC - Poids/vol": 250,
      "UVC - Unité": "g",
      "Prix d'achat kg/g/L €HT": 30,
      "Unité d'achat(X*UV)": 1,
      "Tx TVA": 0.055,
      "Produit Pro": true,
      "Tarif Particulier TTC": 12.66,
      "Commentaires": "Existe aussi en format 500g, 1kg, 5kg, 10kg",
      "numéro": 672,
      "Code Fournisseur (from Fournisseurs)": "FR01.0007",
      "Département (from Coordonnées Sociétés)": ["AIN"],
      "Franco €": "€250",
      "DESIGNATION": "CURRY « RECETTE MAISON »",
      "Conditionnement": "sachet 250 g",
      "Tarif Pro (HT)": 11.25,
      "Tarif Pro (HT) au Kg/L": 45,
      "Unité Vente": 1,
      "Tarif Particulier TTC Arrondi": 12.700000000000001,
      "Nom complet Produit pour formulaire de Mouvement de Stock": "sachet 250 g-CURRY « RECETTE MAISON »//Max Daumin//FR01.0007.00672",
      "DESIGNATION TYPEFORM": "Curry « Recette Maison » - 250g -  // 0€",
      "Hypothèse 15% marge px pro": 13.963235294117647,
      "CATEGORIE/TYPE": "Épicerie salée>Epices",
      "Condi.": "sachet\n250 g",
      "Disponibilité": "En stock",
      "PRODUCTEUR": "MAX DAUMIN",
      "Spécificités": "Assemblage d'épices",
      "Désignation Produit": "CURRY « RECETTE MAISON » - sachet 250 g",
      "Désignation Produit 1 ligne": "CURRY « RECETTE MAISON » - sachet 250 g",
      "Unité de vente détaillée": "1 X 250 g",
      "Délais d'appro (jours) (from FOURNISSEUR)": "15",
      "Nom de la Société (from FOURNISSEUR)": "Max Daumin",
      "Descriptif Producteur (from FOURNISSEUR)": "Des épices de producteurs La maitrise de la qualité gustative des épices et poivres ne peut se faire que si l’on maitrise la récolte et qui plante vos épices. Max Daumin sélectionne ainsi des épices brutes, non moulues directement auprès de ses producteurs en France et dans le monde. Fabrication de nos packagings en Auvergne-Rhône-Alpes et mouture réalisée dans l'Ain.",
      "Photos Producteurs (from FOURNISSEUR)": [
        {
          "id": "attYAOOy5uOVlVR6S",
          "width": 2048,
          "height": 2048,
          "url": "https://dl.airtable.com/.attachments/64e33a9c190c59001abdb8f17b3633dd/ff897487/219894231_1444958569205856_6064492114380868409_n.jpg?ts=1654586294&userId=usrF6kLgBaja75CMj&cs=4f174d77651ec16f",
          "filename": "219894231_1444958569205856_6064492114380868409_n.jpg",
          "size": 1262576,
          "type": "image/jpeg",
          "thumbnails": {
            "small": {
              "url": "https://dl.airtable.com/.attachmentThumbnails/b432dfd0cdcdd317555e1cddf12365ee/ccdd2c2c?ts=1654586294&userId=usrF6kLgBaja75CMj&cs=eb97483b05c904ac",
              "width": 36,
              "height": 36
            },
            "large": {
              "url": "https://dl.airtable.com/.attachmentThumbnails/186d0dcefbef6a13df5925cadc565ab4/a16281cb?ts=1654586294&userId=usrF6kLgBaja75CMj&cs=5f4c7f34eff73003",
              "width": 512,
              "height": 512
            },
            "full": {
              "url": "https://dl.airtable.com/.attachmentThumbnails/133b79275186e894d892ab82f66dffab/4d10634d?ts=1654586294&userId=usrF6kLgBaja75CMj&cs=88fdfbd5960bb3bd",
              "width": 3000,
              "height": 3000
            }
          }
        }
      ],
      "Label (from FOURNISSEUR)": ["AB", "CCF"],
      "LABEL LOGO (from FOURNISSEUR)": [
        {
          "id": "attOjlB3OP92IAQLw",
          "width": 1335,
          "height": 606,
          "url": "https://dl.airtable.com/.attachments/bde3a9041e764a52284e9d7e724c6906/c4f70304/Capture-2.png?ts=1654586294&userId=usrF6kLgBaja75CMj&cs=7a13c35073f4693a",
          "filename": "Capture-2.png",
          "size": 105113,
          "type": "image/png",
          "thumbnails": {
            "small": {
              "url": "https://dl.airtable.com/.attachmentThumbnails/d610587c76107b1b40e5a9504a63a299/420fc780?ts=1654586294&userId=usrF6kLgBaja75CMj&cs=70b0e4f3e026dd6b",
              "width": 79,
              "height": 36
            },
            "large": {
              "url": "https://dl.airtable.com/.attachmentThumbnails/5e662ed8382bb04d74a88e0fd59474a4/1071aab4?ts=1654586294&userId=usrF6kLgBaja75CMj&cs=4b212cfb1743424b",
              "width": 1128,
              "height": 512
            },
            "full": {
              "url": "https://dl.airtable.com/.attachmentThumbnails/e515a39fdc1988e16ad042723ede9501/17bb594b?ts=1654586294&userId=usrF6kLgBaja75CMj&cs=694b54ee1f00f647",
              "width": 3000,
              "height": 3000
            }
          }
        },
        {
          "id": "attMuhgIz0i6EF3sO",
          "width": 562,
          "height": 796,
          "url": "https://dl.airtable.com/.attachments/ac55e066dc4c694c226bc7aa3603b3ff/31baf7ba/PAQ_LOGO_DTOUR.png?ts=1654586294&userId=usrF6kLgBaja75CMj&cs=688ef98d43b2fe07",
          "filename": "PAQ_LOGO_DÉTOURÉ.png",
          "size": 123333,
          "type": "image/png",
          "thumbnails": {
            "small": {
              "url": "https://dl.airtable.com/.attachmentThumbnails/e4ab024c3f5ae6d6703b12b21c377b2f/011e11ad?ts=1654586294&userId=usrF6kLgBaja75CMj&cs=7febad892daee4e2",
              "width": 25,
              "height": 36
            },
            "large": {
              "url": "https://dl.airtable.com/.attachmentThumbnails/e38099c48c3548fe4a91ffd6022b1f90/5617c169?ts=1654586294&userId=usrF6kLgBaja75CMj&cs=9b828de300ba475b",
              "width": 512,
              "height": 725
            },
            "full": {
              "url": "https://dl.airtable.com/.attachmentThumbnails/3c384b36e8ef6fad60696f0f487e36e2/7835c7a6?ts=1654586294&userId=usrF6kLgBaja75CMj&cs=62ac7cb5884e8b9a",
              "width": 3000,
              "height": 3000
            }
          }
        },
        {
          "id": "attIF8nQPkfYQg3PD",
          "width": 245,
          "height": 245,
          "url": "https://dl.airtable.com/.attachments/30a5ed2ed078555a4bcfe03684fb85eb/372ed40a/IGP_inao_image_block.png?ts=1654586294&userId=usrF6kLgBaja75CMj&cs=3d50c67929537429",
          "filename": "IGP_inao_image_block.png",
          "size": 240796,
          "type": "image/png",
          "thumbnails": {
            "small": {
              "url": "https://dl.airtable.com/.attachmentThumbnails/0333ed4b7a128b7d06619f73677c9d6f/8c5f0926?ts=1654586294&userId=usrF6kLgBaja75CMj&cs=3e62618ee4eec0b4",
              "width": 36,
              "height": 36
            },
            "large": {
              "url": "https://dl.airtable.com/.attachmentThumbnails/c4178b165dbce5f0be0c580da79693eb/c4b7af40?ts=1654586294&userId=usrF6kLgBaja75CMj&cs=2a27ff491dd65a43",
              "width": 245,
              "height": 245
            },
            "full": {
              "url": "https://dl.airtable.com/.attachmentThumbnails/a5071bafb6139fdd1692b3869089d1a7/2cb765ef?ts=1654586294&userId=usrF6kLgBaja75CMj&cs=581cc153ce14c337",
              "width": 3000,
              "height": 3000
            }
          }
        }
      ],
      "Département (from FOURNISSEUR)": ["AIN"],
      "Code Postal (from FOURNISSEUR)": "01450",
      "Ville (from FOURNISSEUR)": "LEYSSARD",
      "STOCK DISPO (from Passerelle Stock vers BDD Produits/Producteurs)": "1",
      "Localisation (from FOURNISSEUR)": "01450 - LEYSSARD - AIN"
    },
    "name": "Curry « Recette Maison »",
    "weight": "sachet 250 g",
    "price": "7.50",
    "pricePerKg": "30.00",
    "stock": "En stock"
  },
  {
    "id": "recEGDLWHxOPcRvd5",
    "info": {
      "Code Produit QotQot": "FR69.0011.00986",
      "FOURNISSEUR": "Venandi",
      "Produit": "Saucisson de Sanglier Noisettes",
      "Catégorie": ["Charcuteries et salaisons"],
      "Type": ["Salaisons"],
      "Spécificité": "Sanglier",
      "Statut": "Nous consulter",
      "Dispo": "Nous consulter",
      "Prix d'achat unitaire €HT": 4.2,
      "Descriptif Produit": "Cette terrine est composée de 50% de viande de sanglier sauvage français. Bien qu’étant la viande de gibier la plus grasse, elle reste 5 fois moins grasse qu’une viande de porc classique avec un goût nettement comparable. Succombez aussi au croquant fruité de la noisette ! Ce fruit gourmand possède en prime d’excellentes qualités nutritionnelles et vient ainsi parfaire cette terrine.",
      "DDM (mois)": 2,
      "UVC - Conditionnement": "pièce brute",
      "UVC - Poids/vol": 150,
      "UVC - Unité": "g",
      "Prix d'achat kg/g/L €HT": 28,
      "Unité d'achat(X*UV)": 10,
      "Tx TVA": 0.055,
      "Produit Pro": true,
      "Produit Particulier": true,
      "Tarif Particulier TTC": 7.0896,
      "numéro": 986,
      "Code Fournisseur (from Fournisseurs)": "FR69.0011",
      "Département (from Coordonnées Sociétés)": ["RHÔNE"],
      "DESIGNATION": "SAUCISSON DE SANGLIER NOISETTES",
      "Conditionnement": "pièce brute 150 g",
      "Tarif Pro (HT)": 6.300000000000001,
      "Tarif Pro (HT) au Kg/L": 42,
      "Unité Vente": 1,
      "Tarif Particulier TTC Arrondi": 7.1000000000000005,
      "Image produits avec fond": [
        {
          "id": "attcFNtXurEap0Qhd",
          "width": 2560,
          "height": 1440,
          "url": "https://dl.airtable.com/.attachments/7594c5ce636ce3867168d73a89067422/5d80dc61/saucissonnoisette-scaled.jpg?ts=1654586294&userId=usrF6kLgBaja75CMj&cs=12be899cbd0cfbda",
          "filename": "saucissonnoisette-scaled.jpg",
          "size": 136325,
          "type": "image/jpeg",
          "thumbnails": {
            "small": {
              "url": "https://dl.airtable.com/.attachmentThumbnails/0a30e56e1f651c9cc32284e79d2bb442/b5e2ad03?ts=1654586294&userId=usrF6kLgBaja75CMj&cs=d171d24ffa12750b",
              "width": 64,
              "height": 36
            },
            "large": {
              "url": "https://dl.airtable.com/.attachmentThumbnails/45e7694c5395cd4b4d74fc0fae50eac4/75a2e23d?ts=1654586294&userId=usrF6kLgBaja75CMj&cs=5fbc14f62825d64b",
              "width": 910,
              "height": 512
            },
            "full": {
              "url": "https://dl.airtable.com/.attachmentThumbnails/825d02a9d3c58e700440f46656687bf7/48f67546?ts=1654586294&userId=usrF6kLgBaja75CMj&cs=74abc10fe5bffebb",
              "width": 3000,
              "height": 3000
            }
          }
        }
      ],
      "Nom complet Produit pour formulaire de Mouvement de Stock": "pièce brute 150 g-SAUCISSON DE SANGLIER NOISETTES//Venandi//FR69.0011.00986",
      "Prix de vente € TTC conseillé": 8.5,
      "Prix de vente typeform € TTC": 7.5,
      "DESIGNATION TYPEFORM": "Saucisson de Sanglier Noisettes - 150g -  // 7.50€",
      "Hypothèse 15% marge px pro": 7.819411764705883,
      "CATEGORIE/TYPE": "Charcuteries et salaisons>Salaisons",
      "Condi.": "pièce brute\n150 g",
      "Disponibilité": "Nous consulter",
      "PRODUCTEUR": "VENANDI",
      "Spécificités": "Sanglier",
      "Désignation Produit": "SAUCISSON DE SANGLIER NOISETTES - pièce brute 150 g",
      "Désignation Produit 1 ligne": "SAUCISSON DE SANGLIER NOISETTES - pièce brute 150 g",
      "Unité de vente détaillée": "1 X 150 g",
      "Délais d'appro (jours) (from FOURNISSEUR)": "10",
      "Nom de la Société (from FOURNISSEUR)": "Venandi",
      "Descriptif Producteur (from FOURNISSEUR)": "Mathieu & François : des amoureux de la nature et du goût Notre aventure, c’est d’abord celle de deux amis (Mathieu et François) qui ont eu l’envie de créer une aventure responsable, humaine et très gourmande autour de la viande sauvage. L’idée est de concocter des produits à base de viande de gibier pour le mettre sur le devant de la scène culinaire française (rien que ça) ! Après l’école, François rejoint Tilkee, une start-up de l’écosystème lyonnais qui cherche à développer l’efficacité des commerciaux grâce à un logiciel de tracking. Cette expérience lui permettra de faire ses premières armes sur ce marché en construction et apprend ainsi les aléas des petites entreprises. Sa devise : La qualité et la satisfaction des clients avant tout ! Mathieu de son côté, pas très copain avec les études, décide de se lancer dans le monde du bâtiment en créant son entreprise d’artisan peintre. Son activité lui apprend la débrouille et la gestion du terrain. Sa devise : Il n’y a pas de problème, que des solutions! C’est leur passion commune pour la nature et la pratique de la chasse durable qui les réunit et qui fait émerger cette idée : pouvoir faire partager ces produits artisanaux confectionnés à partir de viandes exceptionnelles au plus grand nombre (y a pas de raison que seuls les gens des campagnes puissent en profiter!). La raison d’être de VENANDI vise à faire connaître au grand public les gibiers français. Alors ne vous inquiétez pas, on va tout vous expliquer : chasse durable, gibiers, avantages nutritifs.. mais surtout comment étonner et éduquer les papilles ! Nous avons à cœur d’être dans une démarche proche de nos valeurs : authenticité, transparence, et qualité ! L’aventure est donc lancée et vous pouvez d’ores et déjà goûter les premiers produits Venandi à base de gibier 100% sauvage et français !",
      "Photos Producteurs (from FOURNISSEUR)": [
        {
          "id": "attKjBhbI7QXU6CXA",
          "width": 125,
          "height": 125,
          "url": "https://dl.airtable.com/.attachments/95661b253ccd6bac798fb5c47efc5e25/c1a4dcf5/shop_logo2808.png?ts=1654586294&userId=usrF6kLgBaja75CMj&cs=2990d2189a8e1d5c",
          "filename": "shop_logo2808.png",
          "size": 28115,
          "type": "image/png",
          "thumbnails": {
            "small": {
              "url": "https://dl.airtable.com/.attachmentThumbnails/972229f83d4ee3aadbd350eba96e9861/de367ea8?ts=1654586294&userId=usrF6kLgBaja75CMj&cs=73b0f739a5795de3",
              "width": 36,
              "height": 36
            },
            "large": {
              "url": "https://dl.airtable.com/.attachmentThumbnails/30661ced6403982643fef9e708837bf2/d915bca8?ts=1654586294&userId=usrF6kLgBaja75CMj&cs=3f48b157e0743a7d",
              "width": 125,
              "height": 125
            },
            "full": {
              "url": "https://dl.airtable.com/.attachmentThumbnails/0ca3fbe925e7b17028a45b4f9b9e45f5/9e9a273c?ts=1654586294&userId=usrF6kLgBaja75CMj&cs=e7fdda9ab074df35",
              "width": 3000,
              "height": 3000
            }
          }
        },
        {
          "id": "attqzvVjIfc1l2glC",
          "width": 920,
          "height": 1015,
          "url": "https://dl.airtable.com/.attachments/be07aea559ed00f0243ef6a806745b60/c89eff61/IMG_8178-920x1015.jpg?ts=1654586294&userId=usrF6kLgBaja75CMj&cs=3f4854807477cca2",
          "filename": "IMG_8178-920x1015.jpg",
          "size": 229833,
          "type": "image/jpeg",
          "thumbnails": {
            "small": {
              "url": "https://dl.airtable.com/.attachmentThumbnails/5bea6ec618bb0373241a5b451faa2560/146701b3?ts=1654586294&userId=usrF6kLgBaja75CMj&cs=5b7520546d79418f",
              "width": 33,
              "height": 36
            },
            "large": {
              "url": "https://dl.airtable.com/.attachmentThumbnails/c8b88a367c75bd440a35df278f599d31/3a2c46c7?ts=1654586294&userId=usrF6kLgBaja75CMj&cs=63f2a4847c5000bd",
              "width": 512,
              "height": 565
            },
            "full": {
              "url": "https://dl.airtable.com/.attachmentThumbnails/6cb397e18cf4da69323c92245809aa0a/49ccc106?ts=1654586294&userId=usrF6kLgBaja75CMj&cs=ef1b00da4d493a42",
              "width": 3000,
              "height": 3000
            }
          }
        }
      ],
      "Département (from FOURNISSEUR)": ["RHÔNE"],
      "Code Postal (from FOURNISSEUR)": "69002",
      "Ville (from FOURNISSEUR)": "LYON",
      "STOCK DISPO (from Passerelle Stock vers BDD Produits/Producteurs)": "0",
      "Import CSV Shopify": "FR69.0011.00986",
      "Localisation (from FOURNISSEUR)": "69002 - LYON - RHÔNE"
    },
    "name": "Saucisson de Sanglier Noisettes",
    "weight": "pièce brute 150 g",
    "price": "4.20",
    "pricePerKg": "28.00",
    "stock": "Nous consulter"
  },
  {
    "id": "recEdC4CorpKNYbsU",
    "info": {
      "Code Produit QotQot": "FR69.0011.00998",
      "FOURNISSEUR": "Venandi",
      "Produit": "Saucisson de Sanglier Nature",
      "Catégorie": ["Charcuteries et salaisons"],
      "Type": ["Salaisons"],
      "Spécificité": "Sanglier",
      "Statut": "Nous consulter",
      "Dispo": "Nous consulter",
      "Prix d'achat unitaire €HT": 3.9,
      "Descriptif Produit": "Ce saucisson est composé à 50% de viande de sanglier sauvage français. Bien qu’étant la viande de gibier la plus grasse, elle reste 5 fois moins grasse qu’une viande de porc classique avec un goût comparable.\nCe saucisson de sanglier aux noisettes va ravir les plus gourmands d’entre vous. En effet, les noisettes torréfiées présentent de manière généreuse (environ 3%) viennent apporter de la douceur et de la gourmandise à notre saucisson.",
      "DDM (mois)": 2,
      "UVC - Conditionnement": "pièce brute",
      "UVC - Poids/vol": 150,
      "UVC - Unité": "g",
      "Prix d'achat kg/g/L €HT": 26,
      "Unité d'achat(X*UV)": 10,
      "Tx TVA": 0.055,
      "Produit Pro": true,
      "Produit Particulier": true,
      "Tarif Particulier TTC": 6.5832,
      "numéro": 998,
      "Code Fournisseur (from Fournisseurs)": "FR69.0011",
      "Département (from Coordonnées Sociétés)": ["RHÔNE"],
      "DESIGNATION": "SAUCISSON DE SANGLIER NATURE",
      "Conditionnement": "pièce brute 150 g",
      "Tarif Pro (HT)": 5.85,
      "Tarif Pro (HT) au Kg/L": 39,
      "Unité Vente": 1,
      "Tarif Particulier TTC Arrondi": 6.6000000000000005,
      "Image produits avec fond": [
        {
          "id": "att0vCYqyqqarpvpG",
          "width": 2560,
          "height": 1440,
          "url": "https://dl.airtable.com/.attachments/8b4f61810ad28bc747c422a90929d83b/7ce84fcc/saucissonsanglier-scaled.jpg?ts=1654586294&userId=usrF6kLgBaja75CMj&cs=518bcfeaf0032735",
          "filename": "saucissonsanglier-scaled.jpg",
          "size": 136690,
          "type": "image/jpeg",
          "thumbnails": {
            "small": {
              "url": "https://dl.airtable.com/.attachmentThumbnails/8fe770f3ef50955eb14a9ecafc4eee5b/6fbe1a36?ts=1654586294&userId=usrF6kLgBaja75CMj&cs=baab217f777ae074",
              "width": 64,
              "height": 36
            },
            "large": {
              "url": "https://dl.airtable.com/.attachmentThumbnails/1efdbb16e95c772695ac7c280fd007ba/f894176b?ts=1654586294&userId=usrF6kLgBaja75CMj&cs=4ad014054ce715d9",
              "width": 910,
              "height": 512
            },
            "full": {
              "url": "https://dl.airtable.com/.attachmentThumbnails/09a3341a03745ac0d302393a4de392f3/7aa8babd?ts=1654586294&userId=usrF6kLgBaja75CMj&cs=17ff103534f9b9d6",
              "width": 3000,
              "height": 3000
            }
          }
        }
      ],
      "Nom complet Produit pour formulaire de Mouvement de Stock": "pièce brute 150 g-SAUCISSON DE SANGLIER NATURE//Venandi//FR69.0011.00998",
      "Prix de vente € TTC conseillé": 7.5,
      "Prix de vente typeform € TTC": 7.5,
      "DESIGNATION TYPEFORM": "Saucisson de Sanglier Nature - 150g -  // 7.50€",
      "Hypothèse 15% marge px pro": 7.2608823529411755,
      "CATEGORIE/TYPE": "Charcuteries et salaisons>Salaisons",
      "Condi.": "pièce brute\n150 g",
      "Disponibilité": "Nous consulter",
      "PRODUCTEUR": "VENANDI",
      "Spécificités": "Sanglier",
      "Désignation Produit": "SAUCISSON DE SANGLIER NATURE - pièce brute 150 g",
      "Désignation Produit 1 ligne": "SAUCISSON DE SANGLIER NATURE - pièce brute 150 g",
      "Unité de vente détaillée": "1 X 150 g",
      "Délais d'appro (jours) (from FOURNISSEUR)": "10",
      "Nom de la Société (from FOURNISSEUR)": "Venandi",
      "Descriptif Producteur (from FOURNISSEUR)": "Mathieu & François : des amoureux de la nature et du goût Notre aventure, c’est d’abord celle de deux amis (Mathieu et François) qui ont eu l’envie de créer une aventure responsable, humaine et très gourmande autour de la viande sauvage. L’idée est de concocter des produits à base de viande de gibier pour le mettre sur le devant de la scène culinaire française (rien que ça) ! Après l’école, François rejoint Tilkee, une start-up de l’écosystème lyonnais qui cherche à développer l’efficacité des commerciaux grâce à un logiciel de tracking. Cette expérience lui permettra de faire ses premières armes sur ce marché en construction et apprend ainsi les aléas des petites entreprises. Sa devise : La qualité et la satisfaction des clients avant tout ! Mathieu de son côté, pas très copain avec les études, décide de se lancer dans le monde du bâtiment en créant son entreprise d’artisan peintre. Son activité lui apprend la débrouille et la gestion du terrain. Sa devise : Il n’y a pas de problème, que des solutions! C’est leur passion commune pour la nature et la pratique de la chasse durable qui les réunit et qui fait émerger cette idée : pouvoir faire partager ces produits artisanaux confectionnés à partir de viandes exceptionnelles au plus grand nombre (y a pas de raison que seuls les gens des campagnes puissent en profiter!). La raison d’être de VENANDI vise à faire connaître au grand public les gibiers français. Alors ne vous inquiétez pas, on va tout vous expliquer : chasse durable, gibiers, avantages nutritifs.. mais surtout comment étonner et éduquer les papilles ! Nous avons à cœur d’être dans une démarche proche de nos valeurs : authenticité, transparence, et qualité ! L’aventure est donc lancée et vous pouvez d’ores et déjà goûter les premiers produits Venandi à base de gibier 100% sauvage et français !",
      "Photos Producteurs (from FOURNISSEUR)": [
        {
          "id": "attKjBhbI7QXU6CXA",
          "width": 125,
          "height": 125,
          "url": "https://dl.airtable.com/.attachments/95661b253ccd6bac798fb5c47efc5e25/c1a4dcf5/shop_logo2808.png?ts=1654586294&userId=usrF6kLgBaja75CMj&cs=2990d2189a8e1d5c",
          "filename": "shop_logo2808.png",
          "size": 28115,
          "type": "image/png",
          "thumbnails": {
            "small": {
              "url": "https://dl.airtable.com/.attachmentThumbnails/972229f83d4ee3aadbd350eba96e9861/de367ea8?ts=1654586294&userId=usrF6kLgBaja75CMj&cs=73b0f739a5795de3",
              "width": 36,
              "height": 36
            },
            "large": {
              "url": "https://dl.airtable.com/.attachmentThumbnails/30661ced6403982643fef9e708837bf2/d915bca8?ts=1654586294&userId=usrF6kLgBaja75CMj&cs=3f48b157e0743a7d",
              "width": 125,
              "height": 125
            },
            "full": {
              "url": "https://dl.airtable.com/.attachmentThumbnails/0ca3fbe925e7b17028a45b4f9b9e45f5/9e9a273c?ts=1654586294&userId=usrF6kLgBaja75CMj&cs=e7fdda9ab074df35",
              "width": 3000,
              "height": 3000
            }
          }
        },
        {
          "id": "attqzvVjIfc1l2glC",
          "width": 920,
          "height": 1015,
          "url": "https://dl.airtable.com/.attachments/be07aea559ed00f0243ef6a806745b60/c89eff61/IMG_8178-920x1015.jpg?ts=1654586294&userId=usrF6kLgBaja75CMj&cs=3f4854807477cca2",
          "filename": "IMG_8178-920x1015.jpg",
          "size": 229833,
          "type": "image/jpeg",
          "thumbnails": {
            "small": {
              "url": "https://dl.airtable.com/.attachmentThumbnails/5bea6ec618bb0373241a5b451faa2560/146701b3?ts=1654586294&userId=usrF6kLgBaja75CMj&cs=5b7520546d79418f",
              "width": 33,
              "height": 36
            },
            "large": {
              "url": "https://dl.airtable.com/.attachmentThumbnails/c8b88a367c75bd440a35df278f599d31/3a2c46c7?ts=1654586294&userId=usrF6kLgBaja75CMj&cs=63f2a4847c5000bd",
              "width": 512,
              "height": 565
            },
            "full": {
              "url": "https://dl.airtable.com/.attachmentThumbnails/6cb397e18cf4da69323c92245809aa0a/49ccc106?ts=1654586294&userId=usrF6kLgBaja75CMj&cs=ef1b00da4d493a42",
              "width": 3000,
              "height": 3000
            }
          }
        }
      ],
      "Département (from FOURNISSEUR)": ["RHÔNE"],
      "Code Postal (from FOURNISSEUR)": "69002",
      "Ville (from FOURNISSEUR)": "LYON",
      "STOCK DISPO (from Passerelle Stock vers BDD Produits/Producteurs)": "0",
      "Import CSV Shopify": "FR69.0011.00998",
      "Localisation (from FOURNISSEUR)": "69002 - LYON - RHÔNE"
    },
    "name": "Saucisson de Sanglier Nature",
    "weight": "pièce brute 150 g",
    "price": "3.90",
    "pricePerKg": "26.00",
    "stock": "Nous consulter"
  },
  {
    "id": "recFAztcXg1svuqM7",
    "info": {
      "Code Produit QotQot": "FR26.0019.01303",
      "FOURNISSEUR": "Provence Alpes",
      "Produit": "Sauce Jalapeños Piment'ail",
      "Catégorie": ["Épicerie salée"],
      "Type": ["Sauces"],
      "Spécificité": "Piment'ail",
      "Statut": "Référencé",
      "Dispo": "En stock",
      "Prix d'achat unitaire €HT": 1.31,
      "Descriptif Produit": "Ingrédients : Eau, Jalapeño vert 30%, vinaigre, sucre, ail 3,1%, sel, épaississant : gomme xanthane, conservateurs : acide sorbique et sorbate de potassium.\nAllergènes présents dans le produit: aucun",
      "Image produits sans fond": [
        {
          "id": "att3VPFl1KlDIaqyn",
          "width": 725,
          "height": 344,
          "url": "https://dl.airtable.com/.attachments/3e14460975b0e0d170763710675b81fc/b6bfe300/SAUCE_JALAPENO_PIMENT_AIL-removebg-preview.png?ts=1654586294&userId=usrF6kLgBaja75CMj&cs=1f8d8f9da4ddfd7b",
          "filename": "SAUCE_JALAPENO_PIMENT_AIL-removebg-preview.png",
          "size": 59443,
          "type": "image/png",
          "thumbnails": {
            "small": {
              "url": "https://dl.airtable.com/.attachmentThumbnails/4cbe426eb14c82dd12d844ff6ee8b11d/87bc97cf?ts=1654586294&userId=usrF6kLgBaja75CMj&cs=a5ace5daf6e0fd10",
              "width": 76,
              "height": 36
            },
            "large": {
              "url": "https://dl.airtable.com/.attachmentThumbnails/2b7163f2c9e9eb11e068c76f87f34a65/89ec7b5c?ts=1654586294&userId=usrF6kLgBaja75CMj&cs=d27eeb5b1bd8271d",
              "width": 725,
              "height": 344
            },
            "full": {
              "url": "https://dl.airtable.com/.attachmentThumbnails/75f5262e9d99129bff012c46f414200e/90df1660?ts=1654586294&userId=usrF6kLgBaja75CMj&cs=23d5cc1583ddc5ce",
              "width": 3000,
              "height": 3000
            }
          }
        }
      ],
      "UVC - Conditionnement": "bouteille PET",
      "UVC - Poids/vol": 190,
      "UVC - Unité": "g",
      "Prix d'achat kg/g/L €HT": 6.894736842105264,
      "Unité d'achat(X*UV)": 12,
      "Tx TVA": 0.055,
      "Produit Pro": true,
      "Produit Particulier": true,
      "Tarif Particulier TTC": 2.21128,
      "numéro": 1303,
      "Code Fournisseur (from Fournisseurs)": "FR26.0019",
      "Département (from Coordonnées Sociétés)": ["DRÔME"],
      "DESIGNATION": "SAUCE JALAPEÑOS PIMENT'AIL",
      "Conditionnement": "bouteille PET 190 g",
      "Tarif Pro (HT)": 1.965,
      "Tarif Pro (HT) au Kg/L": 10.342105263157896,
      "Unité Vente": 1,
      "Tarif Particulier TTC Arrondi": 2.3000000000000003,
      "Image produits avec fond": [
        {
          "id": "att6CCYjCm4p9JpcV",
          "width": 1292,
          "height": 613,
          "url": "https://dl.airtable.com/.attachments/4775fbc57166b4aaf4842a6b1a97d90e/90cbc10f/SAUCEJALAPENOPIMENTAIL.png?ts=1654586294&userId=usrF6kLgBaja75CMj&cs=4a0169d5d6f4000c",
          "filename": "SAUCE JALAPENO PIMENT'AIL.png",
          "size": 153494,
          "type": "image/png",
          "thumbnails": {
            "small": {
              "url": "https://dl.airtable.com/.attachmentThumbnails/3daaeb67a25bc173443711752989599e/938b692f?ts=1654586294&userId=usrF6kLgBaja75CMj&cs=8ff23023dd37f11d",
              "width": 76,
              "height": 36
            },
            "large": {
              "url": "https://dl.airtable.com/.attachmentThumbnails/f030255ad373f2ccc15d9a602473f3e9/74754beb?ts=1654586294&userId=usrF6kLgBaja75CMj&cs=a6524b599184ed14",
              "width": 1079,
              "height": 512
            },
            "full": {
              "url": "https://dl.airtable.com/.attachmentThumbnails/bb97bb295a07bbe3a2f137e424f4cb19/25338dd9?ts=1654586294&userId=usrF6kLgBaja75CMj&cs=a42e390aeeaa3991",
              "width": 3000,
              "height": 3000
            }
          }
        }
      ],
      "Nom complet Produit pour formulaire de Mouvement de Stock": "bouteille PET 190 g-SAUCE JALAPEÑOS PIMENT'AIL//Provence Alpes//FR26.0019.01303",
      "Prix de vente typeform € TTC": 3.4,
      "DESIGNATION TYPEFORM": "Sauce Jalapeños Piment'ail - 190g -  // 3.40€",
      "Hypothèse 15% marge px pro": 2.4389117647058827,
      "CATEGORIE/TYPE": "Épicerie salée>Sauces",
      "Condi.": "bouteille PET\n190 g",
      "Disponibilité": "En stock",
      "PRODUCTEUR": "PROVENCE ALPES",
      "Spécificités": "Piment'ail",
      "Désignation Produit": "SAUCE JALAPEÑOS PIMENT'AIL - bouteille PET 190 g",
      "Désignation Produit 1 ligne": "SAUCE JALAPEÑOS PIMENT'AIL - bouteille PET 190 g",
      "Unité de vente détaillée": "1 X 190 g",
      "Délais d'appro (jours) (from FOURNISSEUR)": "10",
      "Nom de la Société (from FOURNISSEUR)": "Provence Alpes",
      "Descriptif Producteur (from FOURNISSEUR)": "Provence Alpes   L’histoire de Provence Alpes débute avec Monsieur Claude DIEMOZ qui a œuvré au niveau national à la création de l’Institut ITEIPMAI. Également producteur de plantes aromatiques, il a créé la société GEL’PAM (1992), dont l’activité est la surgélation de plantes aromatiques cultivées en Drôme (premier département Français producteur de plantes aromatiques).  La société Provence Alpes est implantée au cœur de la Drôme depuis plus de 20 ans. Son objectif est d’élaborer les meilleures sauces et aides culinaires afin de satisfaire au mieux les exigences de ses clients. Ses produits sont réalisés à partir de matières premières, rigoureusement sélectionnées et en privilégiant les origines locales du premier département Français producteur de plantes aromatiques. La satisfaction des clients est une priorité pour Provence Alpes. Pour ce faire, l’entreprise fait preuve d’une grande réactivité face à la demande. Forte de son expérience en matière de création de recettes, la société Provence Alpes est à même de vous proposer une large gamme de produits. Elle peut vous aider à élaborer et fabriquer vos propres formules et à adapter des recettes à vos besoins.",
      "Photos Producteurs (from FOURNISSEUR)": [
        {
          "id": "attRVuNQ27ZQ1h630",
          "width": 450,
          "height": 332,
          "url": "https://dl.airtable.com/.attachments/71d722d4f2004abe534ec162be51abd2/cce3870b/CDIEMOZ.png?ts=1654586294&userId=usrF6kLgBaja75CMj&cs=d815af8bf708af02",
          "filename": "CDIEMOZ.png",
          "size": 333867,
          "type": "image/png",
          "thumbnails": {
            "small": {
              "url": "https://dl.airtable.com/.attachmentThumbnails/104b46b4147bd61450a405fbeef809b3/e94b27d9?ts=1654586294&userId=usrF6kLgBaja75CMj&cs=d09556c9e0d64dd3",
              "width": 49,
              "height": 36
            },
            "large": {
              "url": "https://dl.airtable.com/.attachmentThumbnails/ad310d2e471214c1c6d78c12cbb15657/ec767575?ts=1654586294&userId=usrF6kLgBaja75CMj&cs=0a89f85a99730bc2",
              "width": 450,
              "height": 332
            },
            "full": {
              "url": "https://dl.airtable.com/.attachmentThumbnails/720280978ef0b142a25e24a3d7ddd97d/d83adc28?ts=1654586294&userId=usrF6kLgBaja75CMj&cs=d50b9fb9662c7558",
              "width": 3000,
              "height": 3000
            }
          }
        }
      ],
      "Label (from FOURNISSEUR)": ["AB"],
      "LABEL LOGO (from FOURNISSEUR)": [
        {
          "id": "atthdViQyZ14LUu8l",
          "width": 1335,
          "height": 606,
          "url": "https://dl.airtable.com/.attachments/0d38d4bd251d74a58a370972d36e2d16/bbd1e6dd/Capture-2.png?ts=1654586294&userId=usrF6kLgBaja75CMj&cs=5613e82b554bf6db",
          "filename": "Capture-2.png",
          "size": 105113,
          "type": "image/png",
          "thumbnails": {
            "small": {
              "url": "https://dl.airtable.com/.attachmentThumbnails/d29e6895f30966e9dd650c26d42c694c/528b8acc?ts=1654586294&userId=usrF6kLgBaja75CMj&cs=4a7960b96ffd4eb6",
              "width": 79,
              "height": 36
            },
            "large": {
              "url": "https://dl.airtable.com/.attachmentThumbnails/43bc2d03176c12b59a06a15126d895c5/2d781fa8?ts=1654586294&userId=usrF6kLgBaja75CMj&cs=2d8a117035c3edfd",
              "width": 1128,
              "height": 512
            },
            "full": {
              "url": "https://dl.airtable.com/.attachmentThumbnails/c10f50df2e56d08c78870d0f258cabc7/c7210777?ts=1654586294&userId=usrF6kLgBaja75CMj&cs=bd975310d2340565",
              "width": 3000,
              "height": 3000
            }
          }
        }
      ],
      "Département (from FOURNISSEUR)": ["DRÔME"],
      "Code Postal (from FOURNISSEUR)": "26270",
      "Ville (from FOURNISSEUR)": "Saulce sur Rhône",
      "STOCK DISPO (from Passerelle Stock vers BDD Produits/Producteurs)": "16",
      "Import CSV Shopify": "FR26.0019.01303",
      "Localisation (from FOURNISSEUR)": "26270 - SAULCE SUR RHÔNE - DRÔME"
    },
    "name": "Sauce Jalapeños Piment'ail",
    "weight": "bouteille PET 190 g",
    "price": "1.31",
    "pricePerKg": "6.89",
    "stock": "En stock",
    "picture": "https://dl.airtable.com/.attachments/3e14460975b0e0d170763710675b81fc/b6bfe300/SAUCE_JALAPENO_PIMENT_AIL-removebg-preview.png?ts=1654586294&userId=usrF6kLgBaja75CMj&cs=1f8d8f9da4ddfd7b"
  },
  {
    "id": "recG6btHOWw4SyNrN",
    "info": {
      "Code Produit QotQot": "FR26.0019.01318",
      "FOURNISSEUR": "Provence Alpes",
      "Produit": "Tapenade verte",
      "Catégorie": ["Épicerie salée"],
      "Type": ["Tartinables"],
      "Spécificité": "Olives",
      "Statut": "Référencé",
      "Dispo": "En stock",
      "Prix d'achat unitaire €HT": 1.33,
      "Image produits sans fond": [
        {
          "id": "att9czyew6K0HPOeu",
          "width": 493,
          "height": 506,
          "url": "https://dl.airtable.com/.attachments/9a5979c5cb3d4b374e707b9cafcb0d98/a5c142c0/Tapenadeoliveverte-removebg-preview.png?ts=1654586294&userId=usrF6kLgBaja75CMj&cs=a0aeaecc565b0ef1",
          "filename": "Tapenadeoliveverte-removebg-preview.png",
          "size": 247225,
          "type": "image/png",
          "thumbnails": {
            "small": {
              "url": "https://dl.airtable.com/.attachmentThumbnails/6f354ad0d2b3d801920198655484c37d/3bc0ef05?ts=1654586294&userId=usrF6kLgBaja75CMj&cs=641c01ebae59eb63",
              "width": 35,
              "height": 36
            },
            "large": {
              "url": "https://dl.airtable.com/.attachmentThumbnails/f91fb414715b59a9bea37cb21ad9a838/87ff4551?ts=1654586294&userId=usrF6kLgBaja75CMj&cs=26cff07199a4cb28",
              "width": 493,
              "height": 506
            },
            "full": {
              "url": "https://dl.airtable.com/.attachmentThumbnails/937e78c0a53248255f11ccd2e05441c6/6f6b9393?ts=1654586294&userId=usrF6kLgBaja75CMj&cs=d5ba7a9b4f092753",
              "width": 3000,
              "height": 3000
            }
          }
        }
      ],
      "UVC - Conditionnement": "bocal verre",
      "UVC - Poids/vol": 100,
      "UVC - Unité": "g",
      "Prix d'achat kg/g/L €HT": 13.3,
      "Unité d'achat(X*UV)": 6,
      "Tx TVA": 0.055,
      "Produit Pro": true,
      "Produit Particulier": true,
      "Tarif Particulier TTC": 2.24504,
      "numéro": 1318,
      "Code Fournisseur (from Fournisseurs)": "FR26.0019",
      "Département (from Coordonnées Sociétés)": ["DRÔME"],
      "DESIGNATION": "TAPENADE VERTE",
      "Conditionnement": "bocal verre 100 g",
      "Tarif Pro (HT)": 1.995,
      "Tarif Pro (HT) au Kg/L": 19.950000000000003,
      "Unité Vente": 1,
      "Tarif Particulier TTC Arrondi": 2.3000000000000003,
      "Image produits avec fond": [
        {
          "id": "attQm4TmNK6Etrg0f",
          "width": 754,
          "height": 773,
          "url": "https://dl.airtable.com/.attachments/3a20763312563aee55ba0ef9b237c26a/b998e6ab/Tapenadeoliveverte.jpg?ts=1654586294&userId=usrF6kLgBaja75CMj&cs=4f239e3fb9344675",
          "filename": "Tapenade olive verte.jpg",
          "size": 61579,
          "type": "image/jpeg",
          "thumbnails": {
            "small": {
              "url": "https://dl.airtable.com/.attachmentThumbnails/96988bba77481c5d4c5184adedf1a491/9f612861?ts=1654586294&userId=usrF6kLgBaja75CMj&cs=7dbc7e5a5726fb95",
              "width": 35,
              "height": 36
            },
            "large": {
              "url": "https://dl.airtable.com/.attachmentThumbnails/89f7b3a1830ce8b95f0b965e0b2d002d/fbf8b4d6?ts=1654586294&userId=usrF6kLgBaja75CMj&cs=3bb0e30e25a575fa",
              "width": 512,
              "height": 525
            },
            "full": {
              "url": "https://dl.airtable.com/.attachmentThumbnails/553040aaa2906f2f9cb8dc182b8ae580/fc5c7f5f?ts=1654586294&userId=usrF6kLgBaja75CMj&cs=47e5e3ed199ba75b",
              "width": 3000,
              "height": 3000
            }
          }
        }
      ],
      "Nom complet Produit pour formulaire de Mouvement de Stock": "bocal verre 100 g-TAPENADE VERTE//Provence Alpes//FR26.0019.01318",
      "Prix de vente typeform € TTC": 3.4,
      "DESIGNATION TYPEFORM": "Tapenade verte - 100g -  // 3.40€",
      "Hypothèse 15% marge px pro": 2.4761470588235293,
      "CATEGORIE/TYPE": "Épicerie salée>Tartinables",
      "Condi.": "bocal verre\n100 g",
      "Disponibilité": "En stock",
      "PRODUCTEUR": "PROVENCE ALPES",
      "Spécificités": "Olives",
      "Désignation Produit": "TAPENADE VERTE - bocal verre 100 g",
      "Désignation Produit 1 ligne": "TAPENADE VERTE - bocal verre 100 g",
      "Unité de vente détaillée": "1 X 100 g",
      "Délais d'appro (jours) (from FOURNISSEUR)": "10",
      "Nom de la Société (from FOURNISSEUR)": "Provence Alpes",
      "Descriptif Producteur (from FOURNISSEUR)": "Provence Alpes   L’histoire de Provence Alpes débute avec Monsieur Claude DIEMOZ qui a œuvré au niveau national à la création de l’Institut ITEIPMAI. Également producteur de plantes aromatiques, il a créé la société GEL’PAM (1992), dont l’activité est la surgélation de plantes aromatiques cultivées en Drôme (premier département Français producteur de plantes aromatiques).  La société Provence Alpes est implantée au cœur de la Drôme depuis plus de 20 ans. Son objectif est d’élaborer les meilleures sauces et aides culinaires afin de satisfaire au mieux les exigences de ses clients. Ses produits sont réalisés à partir de matières premières, rigoureusement sélectionnées et en privilégiant les origines locales du premier département Français producteur de plantes aromatiques. La satisfaction des clients est une priorité pour Provence Alpes. Pour ce faire, l’entreprise fait preuve d’une grande réactivité face à la demande. Forte de son expérience en matière de création de recettes, la société Provence Alpes est à même de vous proposer une large gamme de produits. Elle peut vous aider à élaborer et fabriquer vos propres formules et à adapter des recettes à vos besoins.",
      "Photos Producteurs (from FOURNISSEUR)": [
        {
          "id": "attRVuNQ27ZQ1h630",
          "width": 450,
          "height": 332,
          "url": "https://dl.airtable.com/.attachments/71d722d4f2004abe534ec162be51abd2/cce3870b/CDIEMOZ.png?ts=1654586294&userId=usrF6kLgBaja75CMj&cs=d815af8bf708af02",
          "filename": "CDIEMOZ.png",
          "size": 333867,
          "type": "image/png",
          "thumbnails": {
            "small": {
              "url": "https://dl.airtable.com/.attachmentThumbnails/104b46b4147bd61450a405fbeef809b3/e94b27d9?ts=1654586294&userId=usrF6kLgBaja75CMj&cs=d09556c9e0d64dd3",
              "width": 49,
              "height": 36
            },
            "large": {
              "url": "https://dl.airtable.com/.attachmentThumbnails/ad310d2e471214c1c6d78c12cbb15657/ec767575?ts=1654586294&userId=usrF6kLgBaja75CMj&cs=0a89f85a99730bc2",
              "width": 450,
              "height": 332
            },
            "full": {
              "url": "https://dl.airtable.com/.attachmentThumbnails/720280978ef0b142a25e24a3d7ddd97d/d83adc28?ts=1654586294&userId=usrF6kLgBaja75CMj&cs=d50b9fb9662c7558",
              "width": 3000,
              "height": 3000
            }
          }
        }
      ],
      "Label (from FOURNISSEUR)": ["AB"],
      "LABEL LOGO (from FOURNISSEUR)": [
        {
          "id": "atthdViQyZ14LUu8l",
          "width": 1335,
          "height": 606,
          "url": "https://dl.airtable.com/.attachments/0d38d4bd251d74a58a370972d36e2d16/bbd1e6dd/Capture-2.png?ts=1654586294&userId=usrF6kLgBaja75CMj&cs=5613e82b554bf6db",
          "filename": "Capture-2.png",
          "size": 105113,
          "type": "image/png",
          "thumbnails": {
            "small": {
              "url": "https://dl.airtable.com/.attachmentThumbnails/d29e6895f30966e9dd650c26d42c694c/528b8acc?ts=1654586294&userId=usrF6kLgBaja75CMj&cs=4a7960b96ffd4eb6",
              "width": 79,
              "height": 36
            },
            "large": {
              "url": "https://dl.airtable.com/.attachmentThumbnails/43bc2d03176c12b59a06a15126d895c5/2d781fa8?ts=1654586294&userId=usrF6kLgBaja75CMj&cs=2d8a117035c3edfd",
              "width": 1128,
              "height": 512
            },
            "full": {
              "url": "https://dl.airtable.com/.attachmentThumbnails/c10f50df2e56d08c78870d0f258cabc7/c7210777?ts=1654586294&userId=usrF6kLgBaja75CMj&cs=bd975310d2340565",
              "width": 3000,
              "height": 3000
            }
          }
        }
      ],
      "Département (from FOURNISSEUR)": ["DRÔME"],
      "Code Postal (from FOURNISSEUR)": "26270",
      "Ville (from FOURNISSEUR)": "Saulce sur Rhône",
      "STOCK DISPO (from Passerelle Stock vers BDD Produits/Producteurs)": "1",
      "Import CSV Shopify": "FR26.0019.01318",
      "Localisation (from FOURNISSEUR)": "26270 - SAULCE SUR RHÔNE - DRÔME"
    },
    "name": "Tapenade verte",
    "weight": "bocal verre 100 g",
    "price": "1.33",
    "pricePerKg": "13.30",
    "stock": "En stock",
    "picture": "https://dl.airtable.com/.attachments/9a5979c5cb3d4b374e707b9cafcb0d98/a5c142c0/Tapenadeoliveverte-removebg-preview.png?ts=1654586294&userId=usrF6kLgBaja75CMj&cs=a0aeaecc565b0ef1"
  },
  {
    "id": "recG9cZoJrPWe5Xhg",
    "info": {
      "Code Produit QotQot": "FR42.0006.00120",
      "FOURNISSEUR": "Charles Chocolartisan",
      "Produit": "Pâte à tartiner Coffret",
      "Catégorie": ["Épicerie sucrée"],
      "Type": ["Pâtes à tartiner"],
      "Spécificité": "Assortiment",
      "Statut": "Référencé",
      "Dispo": "En stock",
      "Prix d'achat unitaire €HT": 6.2,
      "Descriptif Produit": "Coffret de 4 pâte à tartiner : Klassik chocolat-noisettes, Kicrousty chocolat-noisettes feuillantine, Speculoos, Caramel à la fleur de sel de Guérande",
      "Image produits sans fond": [
        {
          "id": "atthMsvScA3T7hL30",
          "width": 816,
          "height": 306,
          "url": "https://dl.airtable.com/.attachments/df71ac5b10d955a8fb5b2529ca0a345b/7dc9b34c/Coffrets_4_petites_gourmandisessansfond.png?ts=1654586294&userId=usrF6kLgBaja75CMj&cs=1b7ef6a7e8f07284",
          "filename": "Coffrets_4_petites_gourmandises sans fond.png",
          "size": 346736,
          "type": "image/png",
          "thumbnails": {
            "small": {
              "url": "https://dl.airtable.com/.attachmentThumbnails/9a85dbe4b708fa821de03b87d1a57e7c/a3825313?ts=1654586294&userId=usrF6kLgBaja75CMj&cs=006e4c6b0b76dd71",
              "width": 96,
              "height": 36
            },
            "large": {
              "url": "https://dl.airtable.com/.attachmentThumbnails/e1e98f0710595b102fc9fa98b0f93ecd/53815f92?ts=1654586294&userId=usrF6kLgBaja75CMj&cs=5e113c6a1b6a31fb",
              "width": 816,
              "height": 306
            },
            "full": {
              "url": "https://dl.airtable.com/.attachmentThumbnails/56eb496a5cb33344ae6e678ce679e855/c1f5bf24?ts=1654586294&userId=usrF6kLgBaja75CMj&cs=762701a1d7816045",
              "width": 3000,
              "height": 3000
            }
          }
        }
      ],
      "EAN 13": { "text": "3 700 774 300 845" },
      "DDM (mois)": 12,
      "UVC - Conditionnement": "lot",
      "UVC - Poids/vol": 4,
      "UVC - Unité": " pots de 33 g",
      "Prix d'achat kg/g/L €HT": 1.55,
      "Unité d'achat(X*UV)": 6,
      "Tx TVA": 0.055,
      "Produit Pro": true,
      "Produit Particulier": true,
      "Tarif Particulier TTC": 10.465600000000002,
      "numéro": 120,
      "Code Fournisseur (from Fournisseurs)": "FR42.0006",
      "Département (from Coordonnées Sociétés)": ["LOIRE"],
      "Franco €": "€250",
      "DESIGNATION": "PÂTE À TARTINER COFFRET",
      "Conditionnement": "lot 4  pots de 33 g",
      "Tarif Pro (HT)": 9.3,
      "Tarif Pro (HT) au Kg/L": 2.325,
      "Unité Vente": 1,
      "Tarif Particulier TTC Arrondi": 10.5,
      "Commentaire descriptif": "Pourquoi pas inverser le pate à tartiner et le coffret \"coffret de 4 pots de .....\" ",
      "Image produits avec fond": [
        {
          "id": "atthZ4FnZo6xoCw1C",
          "width": 555,
          "height": 208,
          "url": "https://dl.airtable.com/.attachments/3455785fb9d44c544e3377487b2e418b/923d7973/Coffrets4petitesgourmandises.jpg?ts=1654586294&userId=usrF6kLgBaja75CMj&cs=c772d87b98d45b56",
          "filename": "Coffrets 4 petites gourmandises.jpg",
          "size": 36202,
          "type": "image/jpeg",
          "thumbnails": {
            "small": {
              "url": "https://dl.airtable.com/.attachmentThumbnails/3bf7700390ce4d0f93b77572f90821aa/82507bec?ts=1654586294&userId=usrF6kLgBaja75CMj&cs=9a429d7754d6431d",
              "width": 96,
              "height": 36
            },
            "large": {
              "url": "https://dl.airtable.com/.attachmentThumbnails/8fd9d5834131de34b2f79d427ecb35cc/11b486c6?ts=1654586294&userId=usrF6kLgBaja75CMj&cs=c6e519c04e0ec475",
              "width": 555,
              "height": 208
            },
            "full": {
              "url": "https://dl.airtable.com/.attachmentThumbnails/4b603d4b40eb047a7cb478629ab316d0/08c1bc77?ts=1654586294&userId=usrF6kLgBaja75CMj&cs=c9c930dea4f3bb41",
              "width": 3000,
              "height": 3000
            }
          }
        }
      ],
      "Nom complet Produit pour formulaire de Mouvement de Stock": "lot 4  pots de 33 g-PÂTE À TARTINER COFFRET//Charles Chocolartisan//FR42.0006.00120",
      "Prix de vente € TTC conseillé": 11,
      "Prix de vente typeform € TTC": 11.6,
      "DESIGNATION TYPEFORM": "Pâte à tartiner Coffret - 4 pots de 33 g -  // 11.60€",
      "Hypothèse 15% marge px pro": 11.54294117647059,
      "CATEGORIE/TYPE": "Épicerie sucrée>Pâtes à tartiner",
      "Condi.": "lot\n4  pots de 33 g",
      "Disponibilité": "En stock",
      "PRODUCTEUR": "CHARLES CHOCOLARTISAN",
      "Spécificités": "Assortiment",
      "Commande Fournisseurs": "FR42.0006-14/01/2022",
      "Désignation Produit": "PÂTE À TARTINER COFFRET - lot 4  pots de 33 g",
      "Désignation Produit 1 ligne": "PÂTE À TARTINER COFFRET - lot 4  pots de 33 g",
      "Unité de vente détaillée": "1 X 4  pots de 33 g",
      "Délais d'appro (jours) (from FOURNISSEUR)": "10",
      "Nom de la Société (from FOURNISSEUR)": "Charles Chocolartisan",
      "Descriptif Producteur (from FOURNISSEUR)": "Pâtes à tartiner sans huile de palme.  - des produits trop bons à l'intérieur - avec des ingrédients naturels et de qualité - et un brin d'histoire aussi FABRICATION 100% FRANCAISE ! Le site de production Charles Chocolartisan se situe à Civens, un petit village du département de la Loire, non loin de Saint-Etienne et de Lyon. C’est ici que les plus grands secrets tartinés sont gardés ! Toutes les recettes sont fabriquées sur le territoire ligérien par les petites mains de nos écureuils, avec des matières premières issues de l'agriculture Française, lorsque cela est rendu possible bien sûr (plutôt complexe de cultiver le cacao dans son jardin).   BIENVEILLANCE ! C'est être bienveillant envers ceux et celles qui nous entourent et faire intervenir le plus possible les acteurs locaux. C'est aussi respecter l'environnement en utilisant seulement des produits sains et naturels. Enfin, être bienveillant c'est aussi prendre soin de TA santé, et celle de tous nos gourmands avec des pâtes à tartiner sans conservateur, sans arôme artificiel, sans additif chimique et SANS HUILE DE PALME. Roland CHARLES est chocolatier artisan depuis 2005. MAITRE ARTISAN",
      "Photos Producteurs (from FOURNISSEUR)": [
        {
          "id": "attlyCwSWsJVVaZIA",
          "width": 5184,
          "height": 3456,
          "url": "https://dl.airtable.com/.attachments/6eddd894aefe0270b2280f1454e78a73/f3e491d7/Made_In_Craft_spread?ts=1654586294&userId=usrF6kLgBaja75CMj&cs=c13819b84cfaff20",
          "filename": "Made_In_Craft_spread",
          "size": 2141430,
          "type": "image/jpeg",
          "thumbnails": {
            "small": {
              "url": "https://dl.airtable.com/.attachmentThumbnails/de6c90224f0151739c12abd7467357fd/c2bc654e?ts=1654586294&userId=usrF6kLgBaja75CMj&cs=96ce4f8bf32640fc",
              "width": 54,
              "height": 36
            },
            "large": {
              "url": "https://dl.airtable.com/.attachmentThumbnails/6bd8ecb64b9e96498a2fe1ee79e6f4d0/0b0c54db?ts=1654586294&userId=usrF6kLgBaja75CMj&cs=fcfa2d0146a5093e",
              "width": 768,
              "height": 512
            },
            "full": {
              "url": "https://dl.airtable.com/.attachmentThumbnails/ae7f4fdf8b25234b63bc4bec1298a6b9/646d8ec8?ts=1654586294&userId=usrF6kLgBaja75CMj&cs=4c70505f8b89b0b4",
              "width": 3000,
              "height": 3000
            }
          }
        }
      ],
      "Label (from FOURNISSEUR)": ["Maitre Artisan"],
      "LABEL LOGO (from FOURNISSEUR)": [
        {
          "id": "atteoANboPg1rt7qO",
          "width": 500,
          "height": 500,
          "url": "https://dl.airtable.com/.attachments/1666ef036bbf7ef0f736298627086a50/e835b947/d11187.png?ts=1654586294&userId=usrF6kLgBaja75CMj&cs=940682eef8138829",
          "filename": "d11187.png",
          "size": 24032,
          "type": "image/png",
          "thumbnails": {
            "small": {
              "url": "https://dl.airtable.com/.attachmentThumbnails/f4f7d5dbba88423af7f3d4db934f11bb/c318ffd2?ts=1654586294&userId=usrF6kLgBaja75CMj&cs=cc6c831b7b19ce6e",
              "width": 36,
              "height": 36
            },
            "large": {
              "url": "https://dl.airtable.com/.attachmentThumbnails/cc82b4b4a4afecd526f70be6b662d042/45f6edb2?ts=1654586294&userId=usrF6kLgBaja75CMj&cs=d98956868f0bdab5",
              "width": 500,
              "height": 500
            },
            "full": {
              "url": "https://dl.airtable.com/.attachmentThumbnails/e814e533d08305a5ca64aa5ee51b3c2c/8aa2f1a8?ts=1654586294&userId=usrF6kLgBaja75CMj&cs=5873acc6a6e85048",
              "width": 3000,
              "height": 3000
            }
          }
        }
      ],
      "Département (from FOURNISSEUR)": ["LOIRE"],
      "Code Postal (from FOURNISSEUR)": "42110",
      "Ville (from FOURNISSEUR)": "CIVENS",
      "STOCK DISPO (from Passerelle Stock vers BDD Produits/Producteurs)": "6",
      "Import CSV Shopify": "FR42.0006.00120",
      "Localisation (from FOURNISSEUR)": "42110 - CIVENS - LOIRE"
    },
    "name": "Pâte à tartiner Coffret",
    "weight": "lot 4  pots de 33 g",
    "price": "6.20",
    "pricePerKg": "1.55",
    "stock": "En stock",
    "picture": "https://dl.airtable.com/.attachments/df71ac5b10d955a8fb5b2529ca0a345b/7dc9b34c/Coffrets_4_petites_gourmandisessansfond.png?ts=1654586294&userId=usrF6kLgBaja75CMj&cs=1b7ef6a7e8f07284"
  },
  {
    "id": "recGB95e9dVo3rXAM",
    "info": {
      "Code Produit QotQot": "FR63.0222.01421",
      "FOURNISSEUR": "CLAC!",
      "Produit": "Velouté courge coco gingembre ",
      "Catégorie": ["Épicerie salée"],
      "Type": ["Soupes/Veloutés/Gaspachos"],
      "Spécificité": "Soupes/Veloutés/Gaspachos",
      "Statut": "Référencé",
      "Dispo": "En rupture",
      "Prix d'achat unitaire €HT": 3.45,
      "Descriptif Produit": "Velouté à la courge et à la crème de coco, subtilement relevé grâce à une touche de gingembre. Une association de saveurs qui en ravira plus d'un.\n\nUne soupe riche en couleurs avec de fortes valeurs : bio, local et artisanal\n\nA consommer froid ou chaud, sa texture épaisse permet de dresser vos verrines pour des apéros ou des entrées qui CLAC !",
      "Image produits sans fond": [
        {
          "id": "attHkegGLieTWDoee",
          "width": 495,
          "height": 504,
          "url": "https://dl.airtable.com/.attachments/c85c71c7cf2eb2936b24ce3c24258197/9e6ffb0b/veloute-courge-coco-gingembre__1_-removebg-preview.png?ts=1654586294&userId=usrF6kLgBaja75CMj&cs=16a4839075817e85",
          "filename": "veloute-courge-coco-gingembre__1_-removebg-preview.png",
          "size": 116912,
          "type": "image/png",
          "thumbnails": {
            "small": {
              "url": "https://dl.airtable.com/.attachmentThumbnails/5d45703b3aa63845767cb0708d193933/014488db?ts=1654586294&userId=usrF6kLgBaja75CMj&cs=fa9e3a276333942a",
              "width": 35,
              "height": 36
            },
            "large": {
              "url": "https://dl.airtable.com/.attachmentThumbnails/68cc7cdf11dff0bb3a113bf5ef6e8b48/2ab73958?ts=1654586294&userId=usrF6kLgBaja75CMj&cs=454717e3dcf1990f",
              "width": 495,
              "height": 504
            },
            "full": {
              "url": "https://dl.airtable.com/.attachmentThumbnails/15b847f9ce9d7c4eba330c2a29dfd827/c1a3d5d4?ts=1654586294&userId=usrF6kLgBaja75CMj&cs=7a2f797541b1018e",
              "width": 3000,
              "height": 3000
            }
          }
        }
      ],
      "EAN 13": { "text": "3770009413206" },
      "SIQO": ["BIO"],
      "DDM (mois)": 24,
      "UVC - Conditionnement": "bocal verre",
      "UVC - Poids/vol": 480,
      "UVC - Unité": "g",
      "Prix d'achat kg/g/L €HT": 7.1875,
      "Unité d'achat(X*UV)": 9,
      "Tx TVA": 0.055,
      "Produit Particulier": true,
      "Tarif Particulier TTC": 5.8236,
      "numéro": 1421,
      "Code Fournisseur (from Fournisseurs)": "FR63.0222",
      "Département (from Coordonnées Sociétés)": ["PUY DE DÔME"],
      "Franco €": "€300",
      "DESIGNATION": "VELOUTÉ COURGE COCO GINGEMBRE  - BIO",
      "Conditionnement": "bocal verre 480 g",
      "Tarif Pro (HT)": 5.175000000000001,
      "Tarif Pro (HT) au Kg/L": 10.781250000000002,
      "Unité Vente": 1,
      "Tarif Particulier TTC Arrondi": 5.9,
      "LABEL": [
        {
          "id": "attdzLJnjcNd0rRmE",
          "width": 1335,
          "height": 606,
          "url": "https://dl.airtable.com/.attachments/0e9e633af4f109241b1f6cc70f2cb0bc/fe8d7a9e/Capture-2.png?ts=1654586294&userId=usrF6kLgBaja75CMj&cs=aea7a14f8a72c9bc",
          "filename": "Capture-2.png",
          "size": 105113,
          "type": "image/png",
          "thumbnails": {
            "small": {
              "url": "https://dl.airtable.com/.attachmentThumbnails/5e394e47a9ef364059f4dd554b2473c3/1cd419bf?ts=1654586294&userId=usrF6kLgBaja75CMj&cs=2215178bbd0704ff",
              "width": 79,
              "height": 36
            },
            "large": {
              "url": "https://dl.airtable.com/.attachmentThumbnails/e8ae48781a550c1899f42cc102006df4/47cf57c9?ts=1654586294&userId=usrF6kLgBaja75CMj&cs=0f384d2befc8856f",
              "width": 1128,
              "height": 512
            },
            "full": {
              "url": "https://dl.airtable.com/.attachmentThumbnails/4b4f2305169a6254d9ae9f526c9dedef/b11e2141?ts=1654586294&userId=usrF6kLgBaja75CMj&cs=12316e7ecbc90f2c",
              "width": 3000,
              "height": 3000
            }
          }
        }
      ],
      "Image produits avec fond": [
        {
          "id": "attHkegGLieTWDoee",
          "width": 495,
          "height": 504,
          "url": "https://dl.airtable.com/.attachments/c85c71c7cf2eb2936b24ce3c24258197/9e6ffb0b/veloute-courge-coco-gingembre__1_-removebg-preview.png?ts=1654586294&userId=usrF6kLgBaja75CMj&cs=16a4839075817e85",
          "filename": "veloute-courge-coco-gingembre__1_-removebg-preview.png",
          "size": 116912,
          "type": "image/png",
          "thumbnails": {
            "small": {
              "url": "https://dl.airtable.com/.attachmentThumbnails/5d45703b3aa63845767cb0708d193933/014488db?ts=1654586294&userId=usrF6kLgBaja75CMj&cs=fa9e3a276333942a",
              "width": 35,
              "height": 36
            },
            "large": {
              "url": "https://dl.airtable.com/.attachmentThumbnails/68cc7cdf11dff0bb3a113bf5ef6e8b48/2ab73958?ts=1654586294&userId=usrF6kLgBaja75CMj&cs=454717e3dcf1990f",
              "width": 495,
              "height": 504
            },
            "full": {
              "url": "https://dl.airtable.com/.attachmentThumbnails/15b847f9ce9d7c4eba330c2a29dfd827/c1a3d5d4?ts=1654586294&userId=usrF6kLgBaja75CMj&cs=7a2f797541b1018e",
              "width": 3000,
              "height": 3000
            }
          }
        }
      ],
      "Nom complet Produit pour formulaire de Mouvement de Stock": "bocal verre 480 g-VELOUTÉ COURGE COCO GINGEMBRE  - BIO//CLAC!//FR63.0222.01421",
      "Prix de vente € TTC conseillé": 5.5,
      "Prix de vente typeform € TTC": 5.9,
      "DESIGNATION TYPEFORM": "Velouté courge coco gingembre  - 480g - BIO // 5.90€",
      "Hypothèse 15% marge px pro": 6.423088235294117,
      "CATEGORIE/TYPE": "Épicerie salée>Soupes/Veloutés/Gaspachos",
      "Condi.": "bocal verre\n480 g",
      "Disponibilité": "En rupture",
      "PRODUCTEUR": "CLAC!",
      "Spécificités": "Soupes/Veloutés/Gaspachos",
      "Commande Fournisseurs": "FR63.0222-08/03/2022",
      "Désignation Produit": "VELOUTÉ COURGE COCO GINGEMBRE  - BIO - bocal verre 480 g",
      "Désignation Produit 1 ligne": "VELOUTÉ COURGE COCO GINGEMBRE  - BIO - bocal verre 480 g",
      "Unité de vente détaillée": "1 X 480 g",
      "Délais d'appro (jours) (from FOURNISSEUR)": "6",
      "Nom de la Société (from FOURNISSEUR)": "CLAC!",
      "Descriptif Producteur (from FOURNISSEUR)": "Fondée en juillet 2017, CLAC, la Conserverie Locale Artisanale & Créative, imagine et fabrique des tartinables apéritifs à partir d'ingrédients bio & locaux. Nous travaillons avec une quinzaine de producteurs d'Auvergne pour vous offrir des goûts originaux 100% naturels. CLAC, c'est également des légumes cuisinés, des sauces et des soupes fabriqués avec coeur et passion dans notre atelier de Cournon d'Auvergne",
      "Photos Producteurs (from FOURNISSEUR)": [
        {
          "id": "att57lDlQ1Uf8uR6d",
          "width": 480,
          "height": 370,
          "url": "https://dl.airtable.com/.attachments/65f6e5b664a80fc264a63f947393d989/5572920a/julien_Anglade_518eecd7-fccb-433a-b4a1-37db1dbbe0a5_large.PNG?ts=1654586294&userId=usrF6kLgBaja75CMj&cs=c362bb2e91847096",
          "filename": "julien_Anglade_518eecd7-fccb-433a-b4a1-37db1dbbe0a5_large.PNG",
          "size": 277189,
          "type": "image/png",
          "thumbnails": {
            "small": {
              "url": "https://dl.airtable.com/.attachmentThumbnails/8622bbda081521db50632334635c4541/a78bc5c1?ts=1654586294&userId=usrF6kLgBaja75CMj&cs=723722741647c0d6",
              "width": 47,
              "height": 36
            },
            "large": {
              "url": "https://dl.airtable.com/.attachmentThumbnails/971526aafba7c228407ab0ec1523c864/0559e2c0?ts=1654586294&userId=usrF6kLgBaja75CMj&cs=3b686b1c31661aa7",
              "width": 480,
              "height": 370
            },
            "full": {
              "url": "https://dl.airtable.com/.attachmentThumbnails/98ab59b9f44b1fcd993d894af39996b5/bbccdbb1?ts=1654586294&userId=usrF6kLgBaja75CMj&cs=a9909762992aff14",
              "width": 3000,
              "height": 3000
            }
          }
        }
      ],
      "Label (from FOURNISSEUR)": ["AB"],
      "LABEL LOGO (from FOURNISSEUR)": [
        {
          "id": "atthdViQyZ14LUu8l",
          "width": 1335,
          "height": 606,
          "url": "https://dl.airtable.com/.attachments/0d38d4bd251d74a58a370972d36e2d16/bbd1e6dd/Capture-2.png?ts=1654586294&userId=usrF6kLgBaja75CMj&cs=5613e82b554bf6db",
          "filename": "Capture-2.png",
          "size": 105113,
          "type": "image/png",
          "thumbnails": {
            "small": {
              "url": "https://dl.airtable.com/.attachmentThumbnails/d29e6895f30966e9dd650c26d42c694c/528b8acc?ts=1654586294&userId=usrF6kLgBaja75CMj&cs=4a7960b96ffd4eb6",
              "width": 79,
              "height": 36
            },
            "large": {
              "url": "https://dl.airtable.com/.attachmentThumbnails/43bc2d03176c12b59a06a15126d895c5/2d781fa8?ts=1654586294&userId=usrF6kLgBaja75CMj&cs=2d8a117035c3edfd",
              "width": 1128,
              "height": 512
            },
            "full": {
              "url": "https://dl.airtable.com/.attachmentThumbnails/c10f50df2e56d08c78870d0f258cabc7/c7210777?ts=1654586294&userId=usrF6kLgBaja75CMj&cs=bd975310d2340565",
              "width": 3000,
              "height": 3000
            }
          }
        }
      ],
      "Département (from FOURNISSEUR)": ["PUY DE DÔME"],
      "Code Postal (from FOURNISSEUR)": "63800",
      "Ville (from FOURNISSEUR)": "COURNON D'AUVERGNE",
      "STOCK DISPO (from Passerelle Stock vers BDD Produits/Producteurs)": "0",
      "Import CSV Shopify": "FR63.0222.01421",
      "Localisation (from FOURNISSEUR)": "63800 - COURNON D'AUVERGNE - PUY DE DÔME"
    },
    "name": "Velouté courge coco gingembre ",
    "weight": "bocal verre 480 g",
    "price": "3.45",
    "pricePerKg": "7.19",
    "stock": "En rupture",
    "picture": "https://dl.airtable.com/.attachments/c85c71c7cf2eb2936b24ce3c24258197/9e6ffb0b/veloute-courge-coco-gingembre__1_-removebg-preview.png?ts=1654586294&userId=usrF6kLgBaja75CMj&cs=16a4839075817e85"
  },
  {
    "id": "recGPwiNynJqV3N8x",
    "info": {
      "Code Produit QotQot": "FR26.0008.01035",
      "FOURNISSEUR": "Vignolis",
      "Produit": "Huile d'olive de nyons",
      "Catégorie": ["Épicerie salée"],
      "Type": ["Huiles"],
      "Spécificité": "Huiles d'olive",
      "Statut": "Référencé",
      "Dispo": "En stock",
      "Prix d'achat unitaire €HT": 5.67,
      "Image produits sans fond": [
        {
          "id": "attvv9ywvpRx2RcEL",
          "width": 306,
          "height": 1283,
          "url": "https://dl.airtable.com/.attachments/83fa637fc61f00960e33b7013622bcce/3274fef2/51nTKDpuXiL._SL1283_.jpg?ts=1654586294&userId=usrF6kLgBaja75CMj&cs=f78a0055fbbcae5f",
          "filename": "51nTKDpuXiL._SL1283_.jpg",
          "size": 62452,
          "type": "image/jpeg",
          "thumbnails": {
            "small": {
              "url": "https://dl.airtable.com/.attachmentThumbnails/96f976aa08ffd8e67cd11f783a582bf4/3baa99e9?ts=1654586294&userId=usrF6kLgBaja75CMj&cs=3e8484b3b6c3bf5d",
              "width": 9,
              "height": 36
            },
            "large": {
              "url": "https://dl.airtable.com/.attachmentThumbnails/1b6e69f95482c71f10eb249fb918e1fc/45ece6b6?ts=1654586294&userId=usrF6kLgBaja75CMj&cs=5b673c6b3f2b970b",
              "width": 306,
              "height": 1283
            },
            "full": {
              "url": "https://dl.airtable.com/.attachmentThumbnails/4902637c7bc1b1bf060a08fe8c476530/f32215af?ts=1654586294&userId=usrF6kLgBaja75CMj&cs=8a78ab81fcb3b0d1",
              "width": 3000,
              "height": 3000
            }
          }
        }
      ],
      "EAN 13": { "text": "3261415100052" },
      "SIQO": ["AOP"],
      "Référence Fournisseur": "510005",
      "DDM (mois)": 24,
      "UVC - Conditionnement": "bouteille verre",
      "UVC - Poids/vol": 0.25,
      "UVC - Unité": "L",
      "Prix d'achat kg/g/L €HT": 22.68,
      "Unité d'achat(X*UV)": 12,
      "Tx TVA": 0.055,
      "Produit Pro": true,
      "Produit Particulier": true,
      "Tarif Particulier TTC": 9.570960000000001,
      "numéro": 1035,
      "Code Fournisseur (from Fournisseurs)": "FR26.0008",
      "Département (from Coordonnées Sociétés)": ["DRÔME"],
      "Franco €": "€500",
      "DESIGNATION": "HUILE D'OLIVE DE NYONS - AOP",
      "Conditionnement": "bouteille verre 0.25 L",
      "Tarif Pro (HT)": 8.504999999999999,
      "Tarif Pro (HT) au Kg/L": 34.019999999999996,
      "Unité Vente": 1,
      "Tarif Particulier TTC Arrondi": 9.600000000000001,
      "LABEL": [
        {
          "id": "attnJWGD2dhdFb0Yh",
          "width": 591,
          "height": 591,
          "url": "https://dl.airtable.com/.attachments/bf29d418529188e41c2102f49d8fe5fb/0231e795/b868307d?ts=1654586294&userId=usrF6kLgBaja75CMj&cs=6166dacb4b5fa23b",
          "filename": "b868307d",
          "size": 17507,
          "type": "image/png",
          "thumbnails": {
            "small": {
              "url": "https://dl.airtable.com/.attachmentThumbnails/4ccd6b325e43ab9057e834276fc4b4f0/ff11a8e1?ts=1654586294&userId=usrF6kLgBaja75CMj&cs=825a9827d3b91ed1",
              "width": 36,
              "height": 36
            },
            "large": {
              "url": "https://dl.airtable.com/.attachmentThumbnails/931c99c6bbf4aa9b191978ce1cc8884a/6f120850?ts=1654586294&userId=usrF6kLgBaja75CMj&cs=351f4f5f9fc2ec4f",
              "width": 512,
              "height": 512
            },
            "full": {
              "url": "https://dl.airtable.com/.attachmentThumbnails/6548cbd68778ccd835f81787c03b5bf4/36b620e3?ts=1654586294&userId=usrF6kLgBaja75CMj&cs=743e104fc0464461",
              "width": 3000,
              "height": 3000
            }
          }
        }
      ],
      "Image produits avec fond": [
        {
          "id": "attvv9ywvpRx2RcEL",
          "width": 306,
          "height": 1283,
          "url": "https://dl.airtable.com/.attachments/83fa637fc61f00960e33b7013622bcce/3274fef2/51nTKDpuXiL._SL1283_.jpg?ts=1654586294&userId=usrF6kLgBaja75CMj&cs=f78a0055fbbcae5f",
          "filename": "51nTKDpuXiL._SL1283_.jpg",
          "size": 62452,
          "type": "image/jpeg",
          "thumbnails": {
            "small": {
              "url": "https://dl.airtable.com/.attachmentThumbnails/96f976aa08ffd8e67cd11f783a582bf4/3baa99e9?ts=1654586294&userId=usrF6kLgBaja75CMj&cs=3e8484b3b6c3bf5d",
              "width": 9,
              "height": 36
            },
            "large": {
              "url": "https://dl.airtable.com/.attachmentThumbnails/1b6e69f95482c71f10eb249fb918e1fc/45ece6b6?ts=1654586294&userId=usrF6kLgBaja75CMj&cs=5b673c6b3f2b970b",
              "width": 306,
              "height": 1283
            },
            "full": {
              "url": "https://dl.airtable.com/.attachmentThumbnails/4902637c7bc1b1bf060a08fe8c476530/f32215af?ts=1654586294&userId=usrF6kLgBaja75CMj&cs=8a78ab81fcb3b0d1",
              "width": 3000,
              "height": 3000
            }
          }
        }
      ],
      "Nom complet Produit pour formulaire de Mouvement de Stock": "bouteille verre 0.25 L-HUILE D'OLIVE DE NYONS - AOP//Vignolis//FR26.0008.01035",
      "Prix de vente € TTC conseillé": 10.6,
      "Prix de vente typeform € TTC": 10.6,
      "DESIGNATION TYPEFORM": "Huile d'olive de nyons - 0.25L - AOP // 10.60€",
      "Hypothèse 15% marge px pro": 10.556205882352941,
      "CATEGORIE/TYPE": "Épicerie salée>Huiles",
      "Condi.": "bouteille verre\n0.25 L",
      "Disponibilité": "En stock",
      "PRODUCTEUR": "VIGNOLIS",
      "Spécificités": "Huiles d'olive",
      "Commande Fournisseurs": "FR26.0008-04/04/2022",
      "Désignation Produit": "HUILE D'OLIVE DE NYONS - AOP - bouteille verre 0.25 L",
      "Désignation Produit 1 ligne": "HUILE D'OLIVE DE NYONS - AOP - bouteille verre 0.25 L",
      "Unité de vente détaillée": "1 X 0.25 L",
      "Délais d'appro (jours) (from FOURNISSEUR)": "10",
      "Nom de la Société (from FOURNISSEUR)": "Vignolis",
      "Descriptif Producteur (from FOURNISSEUR)": "Vignolis, la coopérative du Nyonsais produit de l'huile d'olive AOP de Nyons, des olives noires et du vin sous les marques Nyonsolive et la Nyonsaise. Les produits de la coopérative du Nyonsais sont issus du terroir à forte notoriété et sont mis en valeur par les hommes et les femmes qui ont un savoir faire transmis depuis des générations.",
      "Photos Producteurs (from FOURNISSEUR)": [
        {
          "id": "att1gHGRpecDCMWCR",
          "width": 460,
          "height": 310,
          "url": "https://dl.airtable.com/.attachments/7d27ba6e3db32572f6fefa8a61039745/c0fd2f22/olives-olives-noires-nyons3.jpg?ts=1654586294&userId=usrF6kLgBaja75CMj&cs=726fff7e75214620",
          "filename": "olives-olives-noires-nyons3.jpg",
          "size": 125139,
          "type": "image/jpeg",
          "thumbnails": {
            "small": {
              "url": "https://dl.airtable.com/.attachmentThumbnails/58db4b6fa68aa5a10be23153d398dea8/b5047a47?ts=1654586294&userId=usrF6kLgBaja75CMj&cs=98057efafc3fb77c",
              "width": 53,
              "height": 36
            },
            "large": {
              "url": "https://dl.airtable.com/.attachmentThumbnails/35e9c9d9cd2aff3dfd1175b3dbed04c7/eb0b1a33?ts=1654586294&userId=usrF6kLgBaja75CMj&cs=d9ab28d44c8891c9",
              "width": 460,
              "height": 310
            },
            "full": {
              "url": "https://dl.airtable.com/.attachmentThumbnails/e47aa46a13721df247d28bbdb2041541/9dffe3d3?ts=1654586294&userId=usrF6kLgBaja75CMj&cs=67a0322d03cb6452",
              "width": 3000,
              "height": 3000
            }
          }
        },
        {
          "id": "attucUlsIHDO2K3c5",
          "width": 480,
          "height": 640,
          "url": "https://dl.airtable.com/.attachments/59bc59b9fb66b4dd7eae9a4cf24ffb07/e375aaa6/141672258_1959232387547898_6597006085280017066_n.jpg?ts=1654586294&userId=usrF6kLgBaja75CMj&cs=28035475d126b95d",
          "filename": "141672258_1959232387547898_6597006085280017066_n.jpg",
          "size": 88549,
          "type": "image/jpeg",
          "thumbnails": {
            "small": {
              "url": "https://dl.airtable.com/.attachmentThumbnails/3b15df60f15eb2feae4ad46d949943cc/16acc9d5?ts=1654586294&userId=usrF6kLgBaja75CMj&cs=bafe73babb61e701",
              "width": 27,
              "height": 36
            },
            "large": {
              "url": "https://dl.airtable.com/.attachmentThumbnails/66746bfcc913e9bd0c6c83fa2e3bdfbd/1b365fbd?ts=1654586294&userId=usrF6kLgBaja75CMj&cs=8ab767f088509456",
              "width": 480,
              "height": 640
            },
            "full": {
              "url": "https://dl.airtable.com/.attachmentThumbnails/219b2b3e1dcd0e704bbb75e4ac2caca2/d3e643ac?ts=1654586294&userId=usrF6kLgBaja75CMj&cs=c1d754deb309e174",
              "width": 3000,
              "height": 3000
            }
          }
        }
      ],
      "Label (from FOURNISSEUR)": ["AB", "AOC"],
      "LABEL LOGO (from FOURNISSEUR)": [
        {
          "id": "attrXn9J8e8CA1NBt",
          "width": 1335,
          "height": 606,
          "url": "https://dl.airtable.com/.attachments/689bb3656fa3006bd91e01d91e2aa493/361514ba/Capture-2.png?ts=1654586294&userId=usrF6kLgBaja75CMj&cs=deb96ec5f0d0f59a",
          "filename": "Capture-2.png",
          "size": 105113,
          "type": "image/png",
          "thumbnails": {
            "small": {
              "url": "https://dl.airtable.com/.attachmentThumbnails/ead799c5e888fb8add245a9b161809de/3ca6b05a?ts=1654586294&userId=usrF6kLgBaja75CMj&cs=29c00910229d2958",
              "width": 79,
              "height": 36
            },
            "large": {
              "url": "https://dl.airtable.com/.attachmentThumbnails/bda12d5ed1ecf6e6bfbc2833344e1b44/95cdab52?ts=1654586294&userId=usrF6kLgBaja75CMj&cs=1dd557b062fe18b7",
              "width": 1128,
              "height": 512
            },
            "full": {
              "url": "https://dl.airtable.com/.attachmentThumbnails/bc688134a64489a5375a06e6cb54423e/991e7526?ts=1654586294&userId=usrF6kLgBaja75CMj&cs=ba86633d6c1fff90",
              "width": 3000,
              "height": 3000
            }
          }
        },
        {
          "id": "attyDoGYO5TavMw5k",
          "width": 600,
          "height": 600,
          "url": "https://dl.airtable.com/.attachments/ec17562acc9040df6e6089ec1330cc1b/f9ed9676/Logo-AOC-AOP_image_full.png?ts=1654586294&userId=usrF6kLgBaja75CMj&cs=8faac9dd1b951b4e",
          "filename": "Logo-AOC-AOP_image_full.png",
          "size": 1442978,
          "type": "image/png",
          "thumbnails": {
            "small": {
              "url": "https://dl.airtable.com/.attachmentThumbnails/93cc24fa8e331cff5dd904d22b23d1d8/10f49090?ts=1654586294&userId=usrF6kLgBaja75CMj&cs=f5efc6167bf39293",
              "width": 36,
              "height": 36
            },
            "large": {
              "url": "https://dl.airtable.com/.attachmentThumbnails/dfc02df062f8eaa4f5559fa1a76d74e7/beb57e73?ts=1654586294&userId=usrF6kLgBaja75CMj&cs=86a7e5a2082791e1",
              "width": 512,
              "height": 512
            },
            "full": {
              "url": "https://dl.airtable.com/.attachmentThumbnails/41571dbc4ad5cacbb09b4343771f9896/7b036f39?ts=1654586294&userId=usrF6kLgBaja75CMj&cs=7aa6c2305c5d9c3b",
              "width": 3000,
              "height": 3000
            }
          }
        }
      ],
      "Département (from FOURNISSEUR)": ["DRÔME"],
      "Code Postal (from FOURNISSEUR)": "26110",
      "Ville (from FOURNISSEUR)": "NYONS",
      "STOCK DISPO (from Passerelle Stock vers BDD Produits/Producteurs)": "4",
      "Import CSV Shopify": "FR26.0008.01035",
      "Localisation (from FOURNISSEUR)": "26110 - NYONS - DRÔME"
    },
    "name": "Huile d'olive de nyons",
    "weight": "bouteille verre 0.25 L",
    "price": "5.67",
    "pricePerKg": "22.68",
    "stock": "En stock",
    "picture": "https://dl.airtable.com/.attachments/83fa637fc61f00960e33b7013622bcce/3274fef2/51nTKDpuXiL._SL1283_.jpg?ts=1654586294&userId=usrF6kLgBaja75CMj&cs=f78a0055fbbcae5f"
  },
  {
    "id": "recGSheGV7mOiuDue",
    "info": {
      "Code Produit QotQot": "FR03.0015.00410",
      "FOURNISSEUR": "EARL Landrieaux",
      "Produit": "Pâtes fermières Tracteurs/Grappes de raisins/Epis de blés",
      "Catégorie": ["Épicerie salée"],
      "Type": ["Pâtes"],
      "Spécificité": "Pâtes",
      "Statut": "Référencé",
      "Dispo": "En stock",
      "Prix d'achat unitaire €HT": 2.6,
      "Descriptif Produit": " Nos pâtes sont élaborées sur notre ferme à partir de notre blé dur. Nous les réalisons avec une machine à pâtes  équipée de moules en bronze (comme en Italie) ce qui permet aux pâtes d'être rugueuses et ainsi la sauce tient bien  Elles sont séchées très lentement (environ 20 h) ce qui permet de garder le goût des céréales. ",
      "Image produits sans fond": [
        {
          "id": "att1z1ujG8hZHS92g",
          "width": 433,
          "height": 577,
          "url": "https://dl.airtable.com/.attachments/9652e8bed08b7122429e903f7f4f78c3/4ff87ade/Pates_tracteurs-removebg-preview.png?ts=1654586294&userId=usrF6kLgBaja75CMj&cs=9034f08bf8c4e2e2",
          "filename": "Pates_tracteurs-removebg-preview.png",
          "size": 143570,
          "type": "image/png",
          "thumbnails": {
            "small": {
              "url": "https://dl.airtable.com/.attachmentThumbnails/9c48c14d7837dae9001d5ffb81664daa/4c70456e?ts=1654586294&userId=usrF6kLgBaja75CMj&cs=c38a881f9dea32ea",
              "width": 27,
              "height": 36
            },
            "large": {
              "url": "https://dl.airtable.com/.attachmentThumbnails/c9636741d459f6ce98dce9478074af02/a7c8a170?ts=1654586294&userId=usrF6kLgBaja75CMj&cs=027744277c5a8ccb",
              "width": 433,
              "height": 577
            },
            "full": {
              "url": "https://dl.airtable.com/.attachmentThumbnails/f3991d32bf7c45db6f7d80c996992a0e/0dfde43f?ts=1654586294&userId=usrF6kLgBaja75CMj&cs=f8c29b5b111c3066",
              "width": 3000,
              "height": 3000
            }
          }
        }
      ],
      "UVC - Conditionnement": "sachet",
      "UVC - Poids/vol": 500,
      "UVC - Unité": "g",
      "Prix d'achat kg/g/L €HT": 5.2,
      "Unité d'achat(X*UV)": 1,
      "Tx TVA": 0.055,
      "Produit Pro": true,
      "Produit Particulier": true,
      "Tarif Particulier TTC": 4.3888,
      "numéro": 410,
      "Code Fournisseur (from Fournisseurs)": "FR03.0015",
      "Département (from Coordonnées Sociétés)": ["ALLIER"],
      "DESIGNATION": "PÂTES FERMIÈRES TRACTEURS/GRAPPES DE RAISINS/EPIS DE BLÉS",
      "Conditionnement": "sachet 500 g",
      "Tarif Pro (HT)": 3.9000000000000004,
      "Tarif Pro (HT) au Kg/L": 7.800000000000001,
      "Unité Vente": 1,
      "Tarif Particulier TTC Arrondi": 4.4,
      "Image produits avec fond": [
        {
          "id": "attJtKWiDrvkKCbrw",
          "width": 460,
          "height": 613,
          "url": "https://dl.airtable.com/.attachments/15497dcc40fddb40b157784975a13907/3e994b69/Patestracteurs.jpg?ts=1654586294&userId=usrF6kLgBaja75CMj&cs=57fb85f61c0b3b2d",
          "filename": "Pates tracteurs.jpg",
          "size": 63832,
          "type": "image/jpeg",
          "thumbnails": {
            "small": {
              "url": "https://dl.airtable.com/.attachmentThumbnails/c64a2a5b159e1d0634bc2df2803bfde4/f5db3e9a?ts=1654586294&userId=usrF6kLgBaja75CMj&cs=6185bf0c33afec64",
              "width": 27,
              "height": 36
            },
            "large": {
              "url": "https://dl.airtable.com/.attachmentThumbnails/6933fa8bb194443857c1a34033d1be4b/a64c9a2f?ts=1654586294&userId=usrF6kLgBaja75CMj&cs=078cb193f3526a9c",
              "width": 460,
              "height": 613
            },
            "full": {
              "url": "https://dl.airtable.com/.attachmentThumbnails/6800f8681e461e936387e90dc00a359d/b1ffdded?ts=1654586294&userId=usrF6kLgBaja75CMj&cs=d0a00c1698033712",
              "width": 3000,
              "height": 3000
            }
          }
        }
      ],
      "Nom complet Produit pour formulaire de Mouvement de Stock": "sachet 500 g-PÂTES FERMIÈRES TRACTEURS/GRAPPES DE RAISINS/EPIS DE BLÉS//EARL Landrieaux//FR03.0015.00410",
      "Prix de vente typeform € TTC": 4.9,
      "DESIGNATION TYPEFORM": "Pâtes fermières Tracteurs/Grappes de raisins/Epis de blés - 500g -  // 4.90€",
      "Hypothèse 15% marge px pro": 4.840588235294118,
      "CATEGORIE/TYPE": "Épicerie salée>Pâtes",
      "Condi.": "sachet\n500 g",
      "Disponibilité": "En stock",
      "PRODUCTEUR": "EARL LANDRIEAUX",
      "Spécificités": "Pâtes",
      "Désignation Produit": "PÂTES FERMIÈRES TRACTEURS/GRAPPES DE RAISINS/EPIS DE BLÉS - sachet 500 g",
      "Désignation Produit 1 ligne": "PÂTES FERMIÈRES TRACTEURS/GRAPPES DE RAISINS/EPIS DE BLÉS - sachet 500 g",
      "Unité de vente détaillée": "1 X 500 g",
      "Délais d'appro (jours) (from FOURNISSEUR)": "15",
      "Nom de la Société (from FOURNISSEUR)": "EARL Landrieaux",
      "Descriptif Producteur (from FOURNISSEUR)": "100 % céréales de la ferme écrasée à la meule de pierre pour une farine de qualité et un goût authentique Pâtes séchées très lentement (environ 20 heures) pour conserver les qualités gustatives et nutritionnelles",
      "Photos Producteurs (from FOURNISSEUR)": [
        {
          "id": "attN0mQpwUbUrf5L6",
          "width": 1200,
          "height": 800,
          "url": "https://dl.airtable.com/.attachments/e2576968b198c578aebfafe7935237ab/18e09d4d/la-vie-rurale-a-l-earl-landrieaux-a-louchy-montfand-ble-fari_4799520.jpeg?ts=1654586294&userId=usrF6kLgBaja75CMj&cs=532a4232647b5802",
          "filename": "la-vie-rurale-a-l-earl-landrieaux-a-louchy-montfand-ble-fari_4799520.jpeg",
          "size": 158251,
          "type": "image/jpeg",
          "thumbnails": {
            "small": {
              "url": "https://dl.airtable.com/.attachmentThumbnails/757ec0565b752c1c667d59ce30046de9/3ff4cd86?ts=1654586294&userId=usrF6kLgBaja75CMj&cs=b558d864076a6db6",
              "width": 54,
              "height": 36
            },
            "large": {
              "url": "https://dl.airtable.com/.attachmentThumbnails/94f450b1953d5e610e57a943dab6adcc/3aeda7f5?ts=1654586294&userId=usrF6kLgBaja75CMj&cs=68a9de3ca3a6efd3",
              "width": 768,
              "height": 512
            },
            "full": {
              "url": "https://dl.airtable.com/.attachmentThumbnails/9b69eeb700e46d1de69dbf528ba86da4/b991ebb5?ts=1654586294&userId=usrF6kLgBaja75CMj&cs=00cb62b88907d64e",
              "width": 3000,
              "height": 3000
            }
          }
        }
      ],
      "Label (from FOURNISSEUR)": ["La région du goût"],
      "LABEL LOGO (from FOURNISSEUR)": [
        {
          "id": "att00CpbJDmobHibi",
          "width": 800,
          "height": 800,
          "url": "https://dl.airtable.com/.attachments/29b77a8bbbdea8886f6d92fe8acd2c45/079ba2af/logos_La_region_du_Gout-03.jpg?ts=1654586294&userId=usrF6kLgBaja75CMj&cs=32a95b018ac3f554",
          "filename": "logos_La_region_du_Gout-03.jpg",
          "size": 70362,
          "type": "image/jpeg",
          "thumbnails": {
            "small": {
              "url": "https://dl.airtable.com/.attachmentThumbnails/306061d7cc3ed7de82c1ca15d0df0789/62804379?ts=1654586294&userId=usrF6kLgBaja75CMj&cs=b39cfd205336a91e",
              "width": 36,
              "height": 36
            },
            "large": {
              "url": "https://dl.airtable.com/.attachmentThumbnails/d9105bb7f8fb22fce5080f55fd8ee3a0/327e9284?ts=1654586294&userId=usrF6kLgBaja75CMj&cs=2540ad81aeb58020",
              "width": 512,
              "height": 512
            },
            "full": {
              "url": "https://dl.airtable.com/.attachmentThumbnails/762bbbcf574ed19ffc019a7d533f40f8/66b0d459?ts=1654586294&userId=usrF6kLgBaja75CMj&cs=a02edf4502c61df1",
              "width": 3000,
              "height": 3000
            }
          }
        }
      ],
      "Département (from FOURNISSEUR)": ["ALLIER"],
      "Code Postal (from FOURNISSEUR)": "03500",
      "Ville (from FOURNISSEUR)": " LOUCHY MONTFAND",
      "STOCK DISPO (from Passerelle Stock vers BDD Produits/Producteurs)": "8",
      "Import CSV Shopify": "FR03.0015.00410",
      "Localisation (from FOURNISSEUR)": "03500 -  LOUCHY MONTFAND - ALLIER"
    },
    "name": "Pâtes fermières Tracteurs/Grappes de raisins/Epis de blés",
    "weight": "sachet 500 g",
    "price": "2.60",
    "pricePerKg": "5.20",
    "stock": "En stock",
    "picture": "https://dl.airtable.com/.attachments/9652e8bed08b7122429e903f7f4f78c3/4ff87ade/Pates_tracteurs-removebg-preview.png?ts=1654586294&userId=usrF6kLgBaja75CMj&cs=9034f08bf8c4e2e2"
  },
  {
    "id": "recGcctIuJSPCCAmx",
    "info": {
      "Code Produit QotQot": "FR26.0021.00575",
      "FOURNISSEUR": "Maison Boutarin",
      "Produit": "Ail noir dégoussé pelé - Boeuf",
      "Catégorie": ["Épicerie salée"],
      "Type": ["Condiments"],
      "Spécificité": "Ail ",
      "Statut": "Référencé",
      "Dispo": "En stock",
      "Prix d'achat unitaire €HT": 6.28,
      "Descriptif Produit": "Ail noir dégoussé et sa fiche recette boulettes de bœuf.\nAil noir bio élaboré avec 100% Ail blanc IGP de la Drôme. Transformé en ail noir par une longue cuisson basse température qui lui procure un goût délicat et savoureux. Production artisanale. \n",
      "Image produits sans fond": [
        {
          "id": "attsk8OJ6Nh6LZctm",
          "width": 551,
          "height": 453,
          "url": "https://dl.airtable.com/.attachments/a9f8002138a42bc5c75fde210e154fd8/6977a5af/Ail_noir_et_boulettes_boeuf-removebg-preview.png?ts=1654586294&userId=usrF6kLgBaja75CMj&cs=247f83269c231224",
          "filename": "Ail_noir_et_boulettes_boeuf-removebg-preview.png",
          "size": 245196,
          "type": "image/png",
          "thumbnails": {
            "small": {
              "url": "https://dl.airtable.com/.attachmentThumbnails/8136149ea6c57f4ac6ada6d0df0c8e2d/27489468?ts=1654586294&userId=usrF6kLgBaja75CMj&cs=a29d0dfd2cbff968",
              "width": 44,
              "height": 36
            },
            "large": {
              "url": "https://dl.airtable.com/.attachmentThumbnails/518093777bd90700f46b2c1adb677fcc/9c37897a?ts=1654586294&userId=usrF6kLgBaja75CMj&cs=9da089313774540b",
              "width": 551,
              "height": 453
            },
            "full": {
              "url": "https://dl.airtable.com/.attachmentThumbnails/17ce64faba6e93c3ab1b756e67f8b522/0a9412de?ts=1654586294&userId=usrF6kLgBaja75CMj&cs=03996894cda77726",
              "width": 3000,
              "height": 3000
            }
          }
        }
      ],
      "SIQO": ["IGP"],
      "DDM (mois)": 18,
      "UVC - Conditionnement": "kit",
      "UVC - Poids/vol": 50,
      "UVC - Unité": "g",
      "Prix d'achat kg/g/L €HT": 125.60000000000002,
      "Unité d'achat(X*UV)": 1,
      "Tx TVA": 0.055,
      "Produit Pro": true,
      "Produit Particulier": true,
      "Tarif Particulier TTC": 10.600640000000002,
      "numéro": 575,
      "Code Fournisseur (from Fournisseurs)": "FR26.0021",
      "Département (from Coordonnées Sociétés)": ["DRÔME"],
      "Franco €": "€250",
      "DESIGNATION": "AIL NOIR DÉGOUSSÉ PELÉ - BOEUF - IGP",
      "Conditionnement": "kit 50 g",
      "Tarif Pro (HT)": 9.42,
      "Tarif Pro (HT) au Kg/L": 188.4,
      "Unité Vente": 1,
      "Tarif Particulier TTC Arrondi": 10.700000000000001,
      "LABEL": [
        {
          "id": "attpiASv6llbLqJjW",
          "width": 245,
          "height": 245,
          "url": "https://dl.airtable.com/.attachments/a0950cdaf79aff55858309e51d22147a/ee44075a/8c3d1490?ts=1654586294&userId=usrF6kLgBaja75CMj&cs=e79bba34505de89a",
          "filename": "8c3d1490",
          "size": 45917,
          "type": "image/png",
          "thumbnails": {
            "small": {
              "url": "https://dl.airtable.com/.attachmentThumbnails/70c7d856c04d509bfa302357f636268b/93b7dda1?ts=1654586294&userId=usrF6kLgBaja75CMj&cs=915a1ecd84603e5e",
              "width": 36,
              "height": 36
            },
            "large": {
              "url": "https://dl.airtable.com/.attachmentThumbnails/92576ee66adbc17edd2f06ababd9f6c8/2a712527?ts=1654586294&userId=usrF6kLgBaja75CMj&cs=a4e99583e1072eff",
              "width": 245,
              "height": 245
            },
            "full": {
              "url": "https://dl.airtable.com/.attachmentThumbnails/1ef54b69108e059ca5f4e0416931ec21/447789aa?ts=1654586294&userId=usrF6kLgBaja75CMj&cs=15799947d886c507",
              "width": 3000,
              "height": 3000
            }
          }
        }
      ],
      "Image produits avec fond": [
        {
          "id": "attgwO0vENos2eRBt",
          "width": 600,
          "height": 600,
          "url": "https://dl.airtable.com/.attachments/14a5cacf708c2b559c542c13369d9141/21399e95/Ail-noir-dgouss-pel-boulettes.jpg?ts=1654586294&userId=usrF6kLgBaja75CMj&cs=42a86297304a3540",
          "filename": "Ail-noir-dégoussé-pelé-boulettes.jpg",
          "size": 177093,
          "type": "image/jpeg",
          "thumbnails": {
            "small": {
              "url": "https://dl.airtable.com/.attachmentThumbnails/ef40c541068d876a3d518c3af7b66fd5/22a8fee1?ts=1654586294&userId=usrF6kLgBaja75CMj&cs=2a9752d63c760f29",
              "width": 36,
              "height": 36
            },
            "large": {
              "url": "https://dl.airtable.com/.attachmentThumbnails/400c77904deef65cc1ae13ed3d66790d/3a9687a5?ts=1654586294&userId=usrF6kLgBaja75CMj&cs=1c5fb84a2c24f783",
              "width": 512,
              "height": 512
            },
            "full": {
              "url": "https://dl.airtable.com/.attachmentThumbnails/85da7dce754da45071f79bfc5239987e/4c09b331?ts=1654586294&userId=usrF6kLgBaja75CMj&cs=f45dffdb5cfd56ec",
              "width": 3000,
              "height": 3000
            }
          }
        }
      ],
      "Nom complet Produit pour formulaire de Mouvement de Stock": "kit 50 g-AIL NOIR DÉGOUSSÉ PELÉ - BOEUF - IGP//Maison Boutarin//FR26.0021.00575",
      "Prix de vente € TTC conseillé": 12.25,
      "Prix de vente typeform € TTC": 12.2,
      "DESIGNATION TYPEFORM": "Ail noir dégoussé pelé - Boeuf - 50g - IGP // 12.20€",
      "Hypothèse 15% marge px pro": 11.691882352941175,
      "Idée Recette": "Boulettes de bœuf à l'ail noir :\nPour vous accompagner dans l’utilisation de l’ail noir, une recette simple a été imaginée par la blogueuse culinaire Sophie Turbigo. Suivez les différentes étapes pour réaliser les boulettes de bœuf à l’ail noir.\n\nNb : Vous pourrez ensuite imaginer vos propres recettes. Écrasé, mixé ou en lamelles, l’ail noir peut sublimer tous vos plats\n",
      "CATEGORIE/TYPE": "Épicerie salée>Condiments",
      "Condi.": "kit\n50 g",
      "Disponibilité": "En stock",
      "PRODUCTEUR": "MAISON BOUTARIN",
      "Spécificités": "Ail ",
      "Désignation Produit": "AIL NOIR DÉGOUSSÉ PELÉ - BOEUF - IGP - kit 50 g",
      "Désignation Produit 1 ligne": "AIL NOIR DÉGOUSSÉ PELÉ - BOEUF - IGP - kit 50 g",
      "Unité de vente détaillée": "1 X 50 g",
      "Délais d'appro (jours) (from FOURNISSEUR)": "10",
      "Nom de la Société (from FOURNISSEUR)": "Maison Boutarin",
      "Descriptif Producteur (from FOURNISSEUR)": "Les deux versants de la Maison Boutarin, ce sont eux : Fanny et Stéphane. Ils sont mariés dans la vie et habitent dans la Drôme sur l’exploitation agricole. Fanny et Stéphane ont allié leurs savoir-faire au service d’une même envie : valoriser l’ail et faire redécouvrir ses saveurs multiples. L’ail est un produit qui, mine de rien, abrite encore bien des surprises. Ils croisent donc leurs réseaux et associent leurs compétences. Puis ils secouent tout en douceur les codes de la filière pour faire changer le regard sur l’ail en France. L’ail noir mais aussi la fleur d’ail éléphant, l’ail de la Drôme… C’est en famille qu’ils inventent des recettes et testent – dans l’incubateur de l’ISARA de Lyon notamment –, divers temps de séchage et soins apportés à l’ail pour en extraire ses saveurs les plus douces.  Aujourd’hui, des grands restaurants et des chefs renommés découvrent des saveurs encore inconnues de l’ail. Cela a donc été possible grâce à l’ambition d’un couple qui souhaite élargir encore plus le cercle des initiés. Un couple qui souhaite aussi rendre à l’ail ses lettres de noblesse.  L’histoire de la Maison Boutarin, c’est une histoire de terre, de passion et d’engagement. Une histoire de famille aussi, unie comme des gousses chaudement resserrées dans une même tête d’ail.",
      "Photos Producteurs (from FOURNISSEUR)": [
        {
          "id": "attAo1tq5iu5Ubn3N",
          "width": 1100,
          "height": 800,
          "url": "https://dl.airtable.com/.attachments/b8e755e19443680d67f6825eb30197af/50f5fba8/11972f8886b0b3558d97458b8445c209-9115142-1100x800.png?ts=1654586294&userId=usrF6kLgBaja75CMj&cs=e03b239ff1a6894d",
          "filename": "11972f8886b0b3558d97458b8445c209-9115142-1100x800.png",
          "size": 310149,
          "type": "image/png",
          "thumbnails": {
            "small": {
              "url": "https://dl.airtable.com/.attachmentThumbnails/8ec3b237934c4b3fa4c5a4dab4ba837e/0b5afc3b?ts=1654586294&userId=usrF6kLgBaja75CMj&cs=d35d3d36c91995b9",
              "width": 50,
              "height": 36
            },
            "large": {
              "url": "https://dl.airtable.com/.attachmentThumbnails/fdfb19e8fba13937c663619363d28ef1/086e9bb7?ts=1654586294&userId=usrF6kLgBaja75CMj&cs=a9ab2c0f25224d96",
              "width": 704,
              "height": 512
            },
            "full": {
              "url": "https://dl.airtable.com/.attachmentThumbnails/8dff4f4838c4cf0fcb2f1a22fc4a4551/7a0114e6?ts=1654586294&userId=usrF6kLgBaja75CMj&cs=9cfc1588898bfc6b",
              "width": 3000,
              "height": 3000
            }
          }
        }
      ],
      "Label (from FOURNISSEUR)": ["IGP", "HVE", "CCF"],
      "LABEL LOGO (from FOURNISSEUR)": [
        {
          "id": "atteGYLXxrjOROfnn",
          "width": 1181,
          "height": 1181,
          "url": "https://dl.airtable.com/.attachments/94a266128efca95775875f661ab0b9d4/502996a0/HVE_produit_ocre.png?ts=1654586294&userId=usrF6kLgBaja75CMj&cs=35f774b602091e7e",
          "filename": "HVE_produit_ocre.png",
          "size": 127113,
          "type": "image/png",
          "thumbnails": {
            "small": {
              "url": "https://dl.airtable.com/.attachmentThumbnails/86429103a7a3a7ec3d67fc2437c2a302/aaf38b6e?ts=1654586294&userId=usrF6kLgBaja75CMj&cs=458eac2612fc233e",
              "width": 36,
              "height": 36
            },
            "large": {
              "url": "https://dl.airtable.com/.attachmentThumbnails/744afc340144e2986a8f1e6d81b2363e/c9a8ce4d?ts=1654586294&userId=usrF6kLgBaja75CMj&cs=40980d93f7578608",
              "width": 512,
              "height": 512
            },
            "full": {
              "url": "https://dl.airtable.com/.attachmentThumbnails/61110ead93520cb2a7433d4953b12609/d53e13fd?ts=1654586294&userId=usrF6kLgBaja75CMj&cs=cb30ae2f1433e39e",
              "width": 3000,
              "height": 3000
            }
          }
        },
        {
          "id": "attl2VHMqJ4tToPVQ",
          "width": 562,
          "height": 796,
          "url": "https://dl.airtable.com/.attachments/ec97db264028b3afed9f270aff41aea1/3b562ce6/PAQ_LOGO_DTOUR.png?ts=1654586294&userId=usrF6kLgBaja75CMj&cs=12897195dfe74450",
          "filename": "PAQ_LOGO_DÉTOURÉ.png",
          "size": 123333,
          "type": "image/png",
          "thumbnails": {
            "small": {
              "url": "https://dl.airtable.com/.attachmentThumbnails/629c1dd59572fc34b6bee69e8e5945c2/df438c34?ts=1654586294&userId=usrF6kLgBaja75CMj&cs=f165935500cf31d2",
              "width": 25,
              "height": 36
            },
            "large": {
              "url": "https://dl.airtable.com/.attachmentThumbnails/88a5a18147f34b124f23529535673746/2fbba96a?ts=1654586294&userId=usrF6kLgBaja75CMj&cs=6bc62509621a9cdd",
              "width": 512,
              "height": 725
            },
            "full": {
              "url": "https://dl.airtable.com/.attachmentThumbnails/4be7fcca813c2e9a464ea014c341f8b3/f601c69e?ts=1654586294&userId=usrF6kLgBaja75CMj&cs=be167c770c70dc49",
              "width": 3000,
              "height": 3000
            }
          }
        },
        {
          "id": "att8j2MwbUjemwdxX",
          "width": 245,
          "height": 245,
          "url": "https://dl.airtable.com/.attachments/2fc9719a395d7be09403daeba42c4b8e/6c956772/IGP_inao_image_block.png?ts=1654586294&userId=usrF6kLgBaja75CMj&cs=8e27adbac1c18a38",
          "filename": "IGP_inao_image_block.png",
          "size": 240796,
          "type": "image/png",
          "thumbnails": {
            "small": {
              "url": "https://dl.airtable.com/.attachmentThumbnails/3552daee4d4ae010930e7633be4e640e/7b645ca7?ts=1654586294&userId=usrF6kLgBaja75CMj&cs=705cfd4b542c8dc3",
              "width": 36,
              "height": 36
            },
            "large": {
              "url": "https://dl.airtable.com/.attachmentThumbnails/a058dae1aedec628d5bd7a7fa00bd8ae/b149c6df?ts=1654586294&userId=usrF6kLgBaja75CMj&cs=a5f7951b99cbf85b",
              "width": 245,
              "height": 245
            },
            "full": {
              "url": "https://dl.airtable.com/.attachmentThumbnails/06d2b1c32cfa4b2ccefddd9ede785e9d/998b023e?ts=1654586294&userId=usrF6kLgBaja75CMj&cs=5ec25576135bdd4c",
              "width": 3000,
              "height": 3000
            }
          }
        }
      ],
      "Département (from FOURNISSEUR)": ["DRÔME"],
      "Code Postal (from FOURNISSEUR)": "26400",
      "Ville (from FOURNISSEUR)": "CREST",
      "STOCK DISPO (from Passerelle Stock vers BDD Produits/Producteurs)": "6",
      "Import CSV Shopify": "FR26.0021.00575",
      "Localisation (from FOURNISSEUR)": "26400 - CREST - DRÔME"
    },
    "name": "Ail noir dégoussé pelé - Boeuf",
    "weight": "kit 50 g",
    "price": "6.28",
    "pricePerKg": "125.60",
    "stock": "En stock",
    "picture": "https://dl.airtable.com/.attachments/a9f8002138a42bc5c75fde210e154fd8/6977a5af/Ail_noir_et_boulettes_boeuf-removebg-preview.png?ts=1654586294&userId=usrF6kLgBaja75CMj&cs=247f83269c231224"
  },
  {
    "id": "recHIQE697GWqR42C",
    "info": {
      "Code Produit QotQot": "FR63.0222.01388",
      "FOURNISSEUR": "CLAC!",
      "Produit": "Houmous de haricots blancs à la provençale",
      "Catégorie": ["Épicerie salée"],
      "Type": ["Tartinables"],
      "Spécificité": "100% Végétaux",
      "Statut": "Référencé",
      "Dispo": "En stock",
      "Prix d'achat unitaire €HT": 2.35,
      "Descriptif Produit": "Direction le Sud de la France grâce à ce tartinable à base d'haricots blancs, de thym, de romarin et de tomate. Un délicieux mélange de saveurs méditerranéennes pour un apéro qui CLAC !\n\nPriorité au circuit-court grâce au partenariat avec une douzaine de producteurs locaux auvergnats. De fortes valeurs pour un apéro haut en saveur !",
      "Image produits sans fond": [
        {
          "id": "attGjaCzO8zBSP0YS",
          "width": 495,
          "height": 504,
          "url": "https://dl.airtable.com/.attachments/5e8da187e88da725a12a2b14df6f03ea/c0fe7325/houmous-de-haricots-blancs-a-la-provencale-removebg-preview.png?ts=1654586294&userId=usrF6kLgBaja75CMj&cs=44c0055c3b545ddd",
          "filename": "houmous-de-haricots-blancs-a-la-provencale-removebg-preview.png",
          "size": 299165,
          "type": "image/png",
          "thumbnails": {
            "small": {
              "url": "https://dl.airtable.com/.attachmentThumbnails/022c129845fa8692f16b0376e5b7f22b/68e73cc8?ts=1654586294&userId=usrF6kLgBaja75CMj&cs=73d12f88d091a59b",
              "width": 35,
              "height": 36
            },
            "large": {
              "url": "https://dl.airtable.com/.attachmentThumbnails/40fb9710bd3d39fff116ff4c4685e5b6/9abed029?ts=1654586294&userId=usrF6kLgBaja75CMj&cs=c0cbbda7cb6b405c",
              "width": 495,
              "height": 504
            },
            "full": {
              "url": "https://dl.airtable.com/.attachmentThumbnails/540646014f5659e3f96446fa85e8a885/4b8b094e?ts=1654586294&userId=usrF6kLgBaja75CMj&cs=be9f9b807243df8e",
              "width": 3000,
              "height": 3000
            }
          }
        }
      ],
      "EAN 13": { "text": "3770009413046" },
      "SIQO": ["BIO"],
      "DDM (mois)": 24,
      "UVC - Conditionnement": "bocal verre",
      "UVC - Poids/vol": 100,
      "UVC - Unité": "g",
      "Prix d'achat kg/g/L €HT": 23.5,
      "Unité d'achat(X*UV)": 12,
      "Tx TVA": 0.055,
      "Produit Particulier": true,
      "Tarif Particulier TTC": 3.9668,
      "numéro": 1388,
      "Code Fournisseur (from Fournisseurs)": "FR63.0222",
      "Département (from Coordonnées Sociétés)": ["PUY DE DÔME"],
      "Franco €": "€300",
      "DESIGNATION": "HOUMOUS DE HARICOTS BLANCS À LA PROVENÇALE - BIO",
      "Conditionnement": "bocal verre 100 g",
      "Tarif Pro (HT)": 3.5250000000000004,
      "Tarif Pro (HT) au Kg/L": 35.25,
      "Unité Vente": 1,
      "Tarif Particulier TTC Arrondi": 4,
      "LABEL": [
        {
          "id": "attdzLJnjcNd0rRmE",
          "width": 1335,
          "height": 606,
          "url": "https://dl.airtable.com/.attachments/0e9e633af4f109241b1f6cc70f2cb0bc/fe8d7a9e/Capture-2.png?ts=1654586294&userId=usrF6kLgBaja75CMj&cs=aea7a14f8a72c9bc",
          "filename": "Capture-2.png",
          "size": 105113,
          "type": "image/png",
          "thumbnails": {
            "small": {
              "url": "https://dl.airtable.com/.attachmentThumbnails/5e394e47a9ef364059f4dd554b2473c3/1cd419bf?ts=1654586294&userId=usrF6kLgBaja75CMj&cs=2215178bbd0704ff",
              "width": 79,
              "height": 36
            },
            "large": {
              "url": "https://dl.airtable.com/.attachmentThumbnails/e8ae48781a550c1899f42cc102006df4/47cf57c9?ts=1654586294&userId=usrF6kLgBaja75CMj&cs=0f384d2befc8856f",
              "width": 1128,
              "height": 512
            },
            "full": {
              "url": "https://dl.airtable.com/.attachmentThumbnails/4b4f2305169a6254d9ae9f526c9dedef/b11e2141?ts=1654586294&userId=usrF6kLgBaja75CMj&cs=12316e7ecbc90f2c",
              "width": 3000,
              "height": 3000
            }
          }
        }
      ],
      "Image produits avec fond": [
        {
          "id": "attGjaCzO8zBSP0YS",
          "width": 495,
          "height": 504,
          "url": "https://dl.airtable.com/.attachments/5e8da187e88da725a12a2b14df6f03ea/c0fe7325/houmous-de-haricots-blancs-a-la-provencale-removebg-preview.png?ts=1654586294&userId=usrF6kLgBaja75CMj&cs=44c0055c3b545ddd",
          "filename": "houmous-de-haricots-blancs-a-la-provencale-removebg-preview.png",
          "size": 299165,
          "type": "image/png",
          "thumbnails": {
            "small": {
              "url": "https://dl.airtable.com/.attachmentThumbnails/022c129845fa8692f16b0376e5b7f22b/68e73cc8?ts=1654586294&userId=usrF6kLgBaja75CMj&cs=73d12f88d091a59b",
              "width": 35,
              "height": 36
            },
            "large": {
              "url": "https://dl.airtable.com/.attachmentThumbnails/40fb9710bd3d39fff116ff4c4685e5b6/9abed029?ts=1654586294&userId=usrF6kLgBaja75CMj&cs=c0cbbda7cb6b405c",
              "width": 495,
              "height": 504
            },
            "full": {
              "url": "https://dl.airtable.com/.attachmentThumbnails/540646014f5659e3f96446fa85e8a885/4b8b094e?ts=1654586294&userId=usrF6kLgBaja75CMj&cs=be9f9b807243df8e",
              "width": 3000,
              "height": 3000
            }
          }
        }
      ],
      "Nom complet Produit pour formulaire de Mouvement de Stock": "bocal verre 100 g-HOUMOUS DE HARICOTS BLANCS À LA PROVENÇALE - BIO//CLAC!//FR63.0222.01388",
      "Prix de vente € TTC conseillé": 4.2,
      "Prix de vente typeform € TTC": 4.6,
      "DESIGNATION TYPEFORM": "Houmous de haricots blancs à la provençale - 100g - BIO // 4.60€",
      "Hypothèse 15% marge px pro": 4.375147058823529,
      "CATEGORIE/TYPE": "Épicerie salée>Tartinables",
      "Condi.": "bocal verre\n100 g",
      "Disponibilité": "En stock",
      "PRODUCTEUR": "CLAC!",
      "Spécificités": "100% Végétaux",
      "Commande Fournisseurs": "FR63.0222-08/03/2022",
      "Désignation Produit": "HOUMOUS DE HARICOTS BLANCS À LA PROVENÇALE - BIO - bocal verre 100 g",
      "Désignation Produit 1 ligne": "HOUMOUS DE HARICOTS BLANCS À LA PROVENÇALE - BIO - bocal verre 100 g",
      "Unité de vente détaillée": "1 X 100 g",
      "Délais d'appro (jours) (from FOURNISSEUR)": "6",
      "Nom de la Société (from FOURNISSEUR)": "CLAC!",
      "Descriptif Producteur (from FOURNISSEUR)": "Fondée en juillet 2017, CLAC, la Conserverie Locale Artisanale & Créative, imagine et fabrique des tartinables apéritifs à partir d'ingrédients bio & locaux. Nous travaillons avec une quinzaine de producteurs d'Auvergne pour vous offrir des goûts originaux 100% naturels. CLAC, c'est également des légumes cuisinés, des sauces et des soupes fabriqués avec coeur et passion dans notre atelier de Cournon d'Auvergne",
      "Photos Producteurs (from FOURNISSEUR)": [
        {
          "id": "att57lDlQ1Uf8uR6d",
          "width": 480,
          "height": 370,
          "url": "https://dl.airtable.com/.attachments/65f6e5b664a80fc264a63f947393d989/5572920a/julien_Anglade_518eecd7-fccb-433a-b4a1-37db1dbbe0a5_large.PNG?ts=1654586294&userId=usrF6kLgBaja75CMj&cs=c362bb2e91847096",
          "filename": "julien_Anglade_518eecd7-fccb-433a-b4a1-37db1dbbe0a5_large.PNG",
          "size": 277189,
          "type": "image/png",
          "thumbnails": {
            "small": {
              "url": "https://dl.airtable.com/.attachmentThumbnails/8622bbda081521db50632334635c4541/a78bc5c1?ts=1654586294&userId=usrF6kLgBaja75CMj&cs=723722741647c0d6",
              "width": 47,
              "height": 36
            },
            "large": {
              "url": "https://dl.airtable.com/.attachmentThumbnails/971526aafba7c228407ab0ec1523c864/0559e2c0?ts=1654586294&userId=usrF6kLgBaja75CMj&cs=3b686b1c31661aa7",
              "width": 480,
              "height": 370
            },
            "full": {
              "url": "https://dl.airtable.com/.attachmentThumbnails/98ab59b9f44b1fcd993d894af39996b5/bbccdbb1?ts=1654586294&userId=usrF6kLgBaja75CMj&cs=a9909762992aff14",
              "width": 3000,
              "height": 3000
            }
          }
        }
      ],
      "Label (from FOURNISSEUR)": ["AB"],
      "LABEL LOGO (from FOURNISSEUR)": [
        {
          "id": "atthdViQyZ14LUu8l",
          "width": 1335,
          "height": 606,
          "url": "https://dl.airtable.com/.attachments/0d38d4bd251d74a58a370972d36e2d16/bbd1e6dd/Capture-2.png?ts=1654586294&userId=usrF6kLgBaja75CMj&cs=5613e82b554bf6db",
          "filename": "Capture-2.png",
          "size": 105113,
          "type": "image/png",
          "thumbnails": {
            "small": {
              "url": "https://dl.airtable.com/.attachmentThumbnails/d29e6895f30966e9dd650c26d42c694c/528b8acc?ts=1654586294&userId=usrF6kLgBaja75CMj&cs=4a7960b96ffd4eb6",
              "width": 79,
              "height": 36
            },
            "large": {
              "url": "https://dl.airtable.com/.attachmentThumbnails/43bc2d03176c12b59a06a15126d895c5/2d781fa8?ts=1654586294&userId=usrF6kLgBaja75CMj&cs=2d8a117035c3edfd",
              "width": 1128,
              "height": 512
            },
            "full": {
              "url": "https://dl.airtable.com/.attachmentThumbnails/c10f50df2e56d08c78870d0f258cabc7/c7210777?ts=1654586294&userId=usrF6kLgBaja75CMj&cs=bd975310d2340565",
              "width": 3000,
              "height": 3000
            }
          }
        }
      ],
      "Département (from FOURNISSEUR)": ["PUY DE DÔME"],
      "Code Postal (from FOURNISSEUR)": "63800",
      "Ville (from FOURNISSEUR)": "COURNON D'AUVERGNE",
      "STOCK DISPO (from Passerelle Stock vers BDD Produits/Producteurs)": "9",
      "Import CSV Shopify": "FR63.0222.01388",
      "Localisation (from FOURNISSEUR)": "63800 - COURNON D'AUVERGNE - PUY DE DÔME"
    },
    "name": "Houmous de haricots blancs à la provençale",
    "weight": "bocal verre 100 g",
    "price": "2.35",
    "pricePerKg": "23.50",
    "stock": "En stock",
    "picture": "https://dl.airtable.com/.attachments/5e8da187e88da725a12a2b14df6f03ea/c0fe7325/houmous-de-haricots-blancs-a-la-provencale-removebg-preview.png?ts=1654586294&userId=usrF6kLgBaja75CMj&cs=44c0055c3b545ddd"
  },
  {
    "id": "recHQtxjqpSbTqLby",
    "info": {
      "Code Produit QotQot": "FR26.0019.01323",
      "FOURNISSEUR": "Provence Alpes",
      "Produit": "Trio de poivrons au piment d'Espelette",
      "Catégorie": ["Épicerie salée"],
      "Type": ["Tartinables"],
      "Spécificité": "Poivrons",
      "Statut": "Référencé",
      "Dispo": "En stock",
      "Prix d'achat unitaire €HT": 1.31,
      "Descriptif Produit": "Ingrédients : poivrons 3 couleurs grillés 73%, huile de tournesol, concentré de tomates, oignons grillés,  vinaigre, piment d’Espelette 1%, paprika, sel.\nAllergènes présents dans le produit : aucun. ",
      "Image produits sans fond": [
        {
          "id": "attIMzbInVdobdU6c",
          "width": 493,
          "height": 506,
          "url": "https://dl.airtable.com/.attachments/cc4eaeaddfd7ab179e232942f0eaf3e7/f47a2ed6/Trio_de_poivrons-removebg-preview.png?ts=1654586294&userId=usrF6kLgBaja75CMj&cs=76475675cd2a727f",
          "filename": "Trio_de_poivrons-removebg-preview.png",
          "size": 245260,
          "type": "image/png",
          "thumbnails": {
            "small": {
              "url": "https://dl.airtable.com/.attachmentThumbnails/b01fa8820191bdfb241d62f2abe6034a/87d9a504?ts=1654586294&userId=usrF6kLgBaja75CMj&cs=a7869c3e05ed6b5e",
              "width": 35,
              "height": 36
            },
            "large": {
              "url": "https://dl.airtable.com/.attachmentThumbnails/a011c12dd2011d8f509a339c96f48d5d/30a9a056?ts=1654586294&userId=usrF6kLgBaja75CMj&cs=7c8b0c65a6e154ed",
              "width": 493,
              "height": 506
            },
            "full": {
              "url": "https://dl.airtable.com/.attachmentThumbnails/6b10fbb2d176ab468e23b9fa2c66e5b2/4e94feb4?ts=1654586294&userId=usrF6kLgBaja75CMj&cs=1b72248d4949c07a",
              "width": 3000,
              "height": 3000
            }
          }
        }
      ],
      "UVC - Conditionnement": "bocal verre",
      "UVC - Poids/vol": 100,
      "UVC - Unité": "g",
      "Prix d'achat kg/g/L €HT": 13.100000000000001,
      "Unité d'achat(X*UV)": 6,
      "Tx TVA": 0.055,
      "Produit Pro": true,
      "Produit Particulier": true,
      "Tarif Particulier TTC": 2.21128,
      "numéro": 1323,
      "Code Fournisseur (from Fournisseurs)": "FR26.0019",
      "Département (from Coordonnées Sociétés)": ["DRÔME"],
      "DESIGNATION": "TRIO DE POIVRONS AU PIMENT D'ESPELETTE",
      "Conditionnement": "bocal verre 100 g",
      "Tarif Pro (HT)": 1.965,
      "Tarif Pro (HT) au Kg/L": 19.650000000000002,
      "Unité Vente": 1,
      "Tarif Particulier TTC Arrondi": 2.3000000000000003,
      "Image produits avec fond": [
        {
          "id": "attKem0G6uzqQ4b9U",
          "width": 598,
          "height": 613,
          "url": "https://dl.airtable.com/.attachments/a801387c94cab90943b76549da264c95/b760781d/Triodepoivrons.jpg?ts=1654586294&userId=usrF6kLgBaja75CMj&cs=cc53b188e613bf48",
          "filename": "Trio de poivrons.jpg",
          "size": 49413,
          "type": "image/jpeg",
          "thumbnails": {
            "small": {
              "url": "https://dl.airtable.com/.attachmentThumbnails/d1e1c149c624dbdc1ce1981fa1e8ba7f/ac3bce51?ts=1654586294&userId=usrF6kLgBaja75CMj&cs=dfaa34e44a9233c2",
              "width": 35,
              "height": 36
            },
            "large": {
              "url": "https://dl.airtable.com/.attachmentThumbnails/26f585a04ffee814562052e3b01fb194/e84876a0?ts=1654586294&userId=usrF6kLgBaja75CMj&cs=13f3a69e0bee4220",
              "width": 512,
              "height": 525
            },
            "full": {
              "url": "https://dl.airtable.com/.attachmentThumbnails/570b6215d74ba2c941de663d1ebe09b0/ff47793b?ts=1654586294&userId=usrF6kLgBaja75CMj&cs=d4091bcb1f33acfd",
              "width": 3000,
              "height": 3000
            }
          }
        }
      ],
      "Nom complet Produit pour formulaire de Mouvement de Stock": "bocal verre 100 g-TRIO DE POIVRONS AU PIMENT D'ESPELETTE//Provence Alpes//FR26.0019.01323",
      "Prix de vente typeform € TTC": 3.4,
      "DESIGNATION TYPEFORM": "Trio de poivrons au piment d'Espelette - 100g -  // 3.40€",
      "Hypothèse 15% marge px pro": 2.4389117647058827,
      "CATEGORIE/TYPE": "Épicerie salée>Tartinables",
      "Condi.": "bocal verre\n100 g",
      "Disponibilité": "En stock",
      "PRODUCTEUR": "PROVENCE ALPES",
      "Spécificités": "Poivrons",
      "Désignation Produit": "TRIO DE POIVRONS AU PIMENT D'ESPELETTE - bocal verre 100 g",
      "Désignation Produit 1 ligne": "TRIO DE POIVRONS AU PIMENT D'ESPELETTE - bocal verre 100 g",
      "Unité de vente détaillée": "1 X 100 g",
      "Délais d'appro (jours) (from FOURNISSEUR)": "10",
      "Nom de la Société (from FOURNISSEUR)": "Provence Alpes",
      "Descriptif Producteur (from FOURNISSEUR)": "Provence Alpes   L’histoire de Provence Alpes débute avec Monsieur Claude DIEMOZ qui a œuvré au niveau national à la création de l’Institut ITEIPMAI. Également producteur de plantes aromatiques, il a créé la société GEL’PAM (1992), dont l’activité est la surgélation de plantes aromatiques cultivées en Drôme (premier département Français producteur de plantes aromatiques).  La société Provence Alpes est implantée au cœur de la Drôme depuis plus de 20 ans. Son objectif est d’élaborer les meilleures sauces et aides culinaires afin de satisfaire au mieux les exigences de ses clients. Ses produits sont réalisés à partir de matières premières, rigoureusement sélectionnées et en privilégiant les origines locales du premier département Français producteur de plantes aromatiques. La satisfaction des clients est une priorité pour Provence Alpes. Pour ce faire, l’entreprise fait preuve d’une grande réactivité face à la demande. Forte de son expérience en matière de création de recettes, la société Provence Alpes est à même de vous proposer une large gamme de produits. Elle peut vous aider à élaborer et fabriquer vos propres formules et à adapter des recettes à vos besoins.",
      "Photos Producteurs (from FOURNISSEUR)": [
        {
          "id": "attRVuNQ27ZQ1h630",
          "width": 450,
          "height": 332,
          "url": "https://dl.airtable.com/.attachments/71d722d4f2004abe534ec162be51abd2/cce3870b/CDIEMOZ.png?ts=1654586294&userId=usrF6kLgBaja75CMj&cs=d815af8bf708af02",
          "filename": "CDIEMOZ.png",
          "size": 333867,
          "type": "image/png",
          "thumbnails": {
            "small": {
              "url": "https://dl.airtable.com/.attachmentThumbnails/104b46b4147bd61450a405fbeef809b3/e94b27d9?ts=1654586294&userId=usrF6kLgBaja75CMj&cs=d09556c9e0d64dd3",
              "width": 49,
              "height": 36
            },
            "large": {
              "url": "https://dl.airtable.com/.attachmentThumbnails/ad310d2e471214c1c6d78c12cbb15657/ec767575?ts=1654586294&userId=usrF6kLgBaja75CMj&cs=0a89f85a99730bc2",
              "width": 450,
              "height": 332
            },
            "full": {
              "url": "https://dl.airtable.com/.attachmentThumbnails/720280978ef0b142a25e24a3d7ddd97d/d83adc28?ts=1654586294&userId=usrF6kLgBaja75CMj&cs=d50b9fb9662c7558",
              "width": 3000,
              "height": 3000
            }
          }
        }
      ],
      "Label (from FOURNISSEUR)": ["AB"],
      "LABEL LOGO (from FOURNISSEUR)": [
        {
          "id": "atthdViQyZ14LUu8l",
          "width": 1335,
          "height": 606,
          "url": "https://dl.airtable.com/.attachments/0d38d4bd251d74a58a370972d36e2d16/bbd1e6dd/Capture-2.png?ts=1654586294&userId=usrF6kLgBaja75CMj&cs=5613e82b554bf6db",
          "filename": "Capture-2.png",
          "size": 105113,
          "type": "image/png",
          "thumbnails": {
            "small": {
              "url": "https://dl.airtable.com/.attachmentThumbnails/d29e6895f30966e9dd650c26d42c694c/528b8acc?ts=1654586294&userId=usrF6kLgBaja75CMj&cs=4a7960b96ffd4eb6",
              "width": 79,
              "height": 36
            },
            "large": {
              "url": "https://dl.airtable.com/.attachmentThumbnails/43bc2d03176c12b59a06a15126d895c5/2d781fa8?ts=1654586294&userId=usrF6kLgBaja75CMj&cs=2d8a117035c3edfd",
              "width": 1128,
              "height": 512
            },
            "full": {
              "url": "https://dl.airtable.com/.attachmentThumbnails/c10f50df2e56d08c78870d0f258cabc7/c7210777?ts=1654586294&userId=usrF6kLgBaja75CMj&cs=bd975310d2340565",
              "width": 3000,
              "height": 3000
            }
          }
        }
      ],
      "Département (from FOURNISSEUR)": ["DRÔME"],
      "Code Postal (from FOURNISSEUR)": "26270",
      "Ville (from FOURNISSEUR)": "Saulce sur Rhône",
      "STOCK DISPO (from Passerelle Stock vers BDD Produits/Producteurs)": "4",
      "Import CSV Shopify": "FR26.0019.01323",
      "Localisation (from FOURNISSEUR)": "26270 - SAULCE SUR RHÔNE - DRÔME"
    },
    "name": "Trio de poivrons au piment d'Espelette",
    "weight": "bocal verre 100 g",
    "price": "1.31",
    "pricePerKg": "13.10",
    "stock": "En stock",
    "picture": "https://dl.airtable.com/.attachments/cc4eaeaddfd7ab179e232942f0eaf3e7/f47a2ed6/Trio_de_poivrons-removebg-preview.png?ts=1654586294&userId=usrF6kLgBaja75CMj&cs=76475675cd2a727f"
  },
  {
    "id": "recHrCAXEsksyC51B",
    "info": {
      "Code Produit QotQot": "FR30.0012.00890",
      "FOURNISSEUR": "Riz Canavere Camargue",
      "Produit": "Riz de Camargue IGP long étuvé \"Canavere\" - cuisson 10 min",
      "Catégorie": ["Épicerie salée"],
      "Type": ["Riz"],
      "Spécificité": "Etuvé",
      "Statut": "Référencé",
      "Dispo": "En stock",
      "Prix d'achat unitaire €HT": 7.2,
      "Descriptif Produit": "Le Riz Long Etuvé en cuisson 10 minutes en format 500g est cultivé, usiné et emballé dans un rayon de 30 km en Camargue dans le Sud de la France. Grâce à l’étuvage son grain restera ferme et ne collera pas après cuisson. Parfait en plat principal ou en accompagnement",
      "EAN 13": { "text": "3520991950230" },
      "SIQO": ["IGP"],
      "Référence Fournisseur": "0115",
      "UVC - Conditionnement": "sac",
      "UVC - Poids/vol": 5,
      "UVC - Unité": "kg",
      "Prix d'achat kg/g/L €HT": 1.44,
      "Unité d'achat(X*UV)": 4,
      "Tx TVA": 0.055,
      "Produit Pro": true,
      "Tarif Particulier TTC": 12.1536,
      "Commentaires": "RHF - Produits soumis au cours, pouvant entraîner des fluctuations de prix",
      "numéro": 890,
      "Code Fournisseur (from Fournisseurs)": "FR30.0012",
      "Département (from Coordonnées Sociétés)": ["GARD"],
      "DESIGNATION": "RIZ DE CAMARGUE IGP LONG ÉTUVÉ \"CANAVERE\" - CUISSON 10 MIN - IGP",
      "Conditionnement": "sac 5 kg",
      "Tarif Pro (HT)": 10.8,
      "Tarif Pro (HT) au Kg/L": 2.16,
      "Unité Vente": 1,
      "Tarif Particulier TTC Arrondi": 12.200000000000001,
      "LABEL": [
        {
          "id": "attpiASv6llbLqJjW",
          "width": 245,
          "height": 245,
          "url": "https://dl.airtable.com/.attachments/4ddebfa3010a70593140d0b7fa459db2/61771ed5/8c3d1490?ts=1654586294&userId=usrF6kLgBaja75CMj&cs=569efa4e1496bff9",
          "filename": "8c3d1490",
          "size": 45917,
          "type": "image/png",
          "thumbnails": {
            "small": {
              "url": "https://dl.airtable.com/.attachmentThumbnails/08eb6f2363ca31fb0052ed9df23ee4b0/69417b30?ts=1654586294&userId=usrF6kLgBaja75CMj&cs=428f5d7a64e8c6f3",
              "width": 36,
              "height": 36
            },
            "large": {
              "url": "https://dl.airtable.com/.attachmentThumbnails/8bb10436d71fec8a3842cbc5f7b1d681/359ba35b?ts=1654586294&userId=usrF6kLgBaja75CMj&cs=e0673a97d3acff3e",
              "width": 245,
              "height": 245
            },
            "full": {
              "url": "https://dl.airtable.com/.attachmentThumbnails/53f49e50cb06aee94e6d222d22ed9356/c107708c?ts=1654586294&userId=usrF6kLgBaja75CMj&cs=3c48513297b2a43b",
              "width": 3000,
              "height": 3000
            }
          }
        }
      ],
      "Nom complet Produit pour formulaire de Mouvement de Stock": "sac 5 kg-RIZ DE CAMARGUE IGP LONG ÉTUVÉ \"CANAVERE\" - CUISSON 10 MIN - IGP//Riz Canavere Camargue//FR30.0012.00890",
      "DESIGNATION TYPEFORM": "Riz de Camargue IGP long étuvé \"Canavere\" - cuisson 10 min - 5kg - IGP // 0€",
      "Hypothèse 15% marge px pro": 13.40470588235294,
      "CATEGORIE/TYPE": "Épicerie salée>Riz",
      "Condi.": "sac\n5 kg",
      "Disponibilité": "En stock",
      "PRODUCTEUR": "RIZ CANAVERE CAMARGUE",
      "Spécificités": "Etuvé",
      "Désignation Produit": "RIZ DE CAMARGUE IGP LONG ÉTUVÉ \"CANAVERE\" - CUISSON 10 MIN - IGP - sac 5 kg",
      "Désignation Produit 1 ligne": "RIZ DE CAMARGUE IGP LONG ÉTUVÉ \"CANAVERE\" - CUISSON 10 MIN - IGP - sac 5 kg",
      "Unité de vente détaillée": "1 X 5 kg",
      "Délais d'appro (jours) (from FOURNISSEUR)": "15",
      "Nom de la Société (from FOURNISSEUR)": "Riz Canavere Camargue",
      "Descriptif Producteur (from FOURNISSEUR)": "Découvrez le riz de Camargue au travers de notre passion & notre savoir-faire familiale. UNE ENTREPRISE FAMILIALE La société Benoit Riz de Canavere a été fondée en 1993, par Jean Louis Benoit, fils de Louis Benoit, riziculteurs Camarguais de père en fils. Précurseur dans la riziculture en Camargue, \"Canavere\" est une entreprise familiale qui travaille depuis 4 générations au développement d’une production agricole respectueuse des sols et des Hommes : « Nous défendons une agriculture raisonnée ; et nous ne nous plierons pas à l’effet de mode du Green Marketing » qui consiste à marketer les produits BIO ou « Organic » sans conscience exacte de la provenance et la fabrication de notre produit. Riz semé, cultivé & emballé en Camargue dans un rayon de 30km Estampillé Sud de France, IGP, sans Gluten",
      "Photos Producteurs (from FOURNISSEUR)": [
        {
          "id": "attZDGnYYdclQEm77",
          "width": 1440,
          "height": 1440,
          "url": "https://dl.airtable.com/.attachments/56a872a411d285a32c78569cd73a17b3/feb1c8fa/123602542_3453678604701117_152993012696548202_n.jpg?ts=1654586294&userId=usrF6kLgBaja75CMj&cs=195c698b2ab2e194",
          "filename": "123602542_3453678604701117_152993012696548202_n.jpg",
          "size": 346171,
          "type": "image/jpeg",
          "thumbnails": {
            "small": {
              "url": "https://dl.airtable.com/.attachmentThumbnails/285e15f2ad7ba136c900ad2fe7776fd8/35d04ee2?ts=1654586294&userId=usrF6kLgBaja75CMj&cs=1037487add9023e1",
              "width": 36,
              "height": 36
            },
            "large": {
              "url": "https://dl.airtable.com/.attachmentThumbnails/cfd0c1cca8979734d536292fcd10c980/dc5f692b?ts=1654586294&userId=usrF6kLgBaja75CMj&cs=3a943a9bac40202e",
              "width": 512,
              "height": 512
            },
            "full": {
              "url": "https://dl.airtable.com/.attachmentThumbnails/022baf280ed074a8a7b07899512114ee/29f83b23?ts=1654586294&userId=usrF6kLgBaja75CMj&cs=a7ea931c6eaf58d0",
              "width": 3000,
              "height": 3000
            }
          }
        }
      ],
      "Label (from FOURNISSEUR)": ["AB", "CCF", "IGP"],
      "LABEL LOGO (from FOURNISSEUR)": [
        {
          "id": "attOjlB3OP92IAQLw",
          "width": 1335,
          "height": 606,
          "url": "https://dl.airtable.com/.attachments/bde3a9041e764a52284e9d7e724c6906/c4f70304/Capture-2.png?ts=1654586294&userId=usrF6kLgBaja75CMj&cs=7a13c35073f4693a",
          "filename": "Capture-2.png",
          "size": 105113,
          "type": "image/png",
          "thumbnails": {
            "small": {
              "url": "https://dl.airtable.com/.attachmentThumbnails/d610587c76107b1b40e5a9504a63a299/420fc780?ts=1654586294&userId=usrF6kLgBaja75CMj&cs=70b0e4f3e026dd6b",
              "width": 79,
              "height": 36
            },
            "large": {
              "url": "https://dl.airtable.com/.attachmentThumbnails/5e662ed8382bb04d74a88e0fd59474a4/1071aab4?ts=1654586294&userId=usrF6kLgBaja75CMj&cs=4b212cfb1743424b",
              "width": 1128,
              "height": 512
            },
            "full": {
              "url": "https://dl.airtable.com/.attachmentThumbnails/e515a39fdc1988e16ad042723ede9501/17bb594b?ts=1654586294&userId=usrF6kLgBaja75CMj&cs=694b54ee1f00f647",
              "width": 3000,
              "height": 3000
            }
          }
        },
        {
          "id": "attMuhgIz0i6EF3sO",
          "width": 562,
          "height": 796,
          "url": "https://dl.airtable.com/.attachments/ac55e066dc4c694c226bc7aa3603b3ff/31baf7ba/PAQ_LOGO_DTOUR.png?ts=1654586294&userId=usrF6kLgBaja75CMj&cs=688ef98d43b2fe07",
          "filename": "PAQ_LOGO_DÉTOURÉ.png",
          "size": 123333,
          "type": "image/png",
          "thumbnails": {
            "small": {
              "url": "https://dl.airtable.com/.attachmentThumbnails/e4ab024c3f5ae6d6703b12b21c377b2f/011e11ad?ts=1654586294&userId=usrF6kLgBaja75CMj&cs=7febad892daee4e2",
              "width": 25,
              "height": 36
            },
            "large": {
              "url": "https://dl.airtable.com/.attachmentThumbnails/e38099c48c3548fe4a91ffd6022b1f90/5617c169?ts=1654586294&userId=usrF6kLgBaja75CMj&cs=9b828de300ba475b",
              "width": 512,
              "height": 725
            },
            "full": {
              "url": "https://dl.airtable.com/.attachmentThumbnails/3c384b36e8ef6fad60696f0f487e36e2/7835c7a6?ts=1654586294&userId=usrF6kLgBaja75CMj&cs=62ac7cb5884e8b9a",
              "width": 3000,
              "height": 3000
            }
          }
        },
        {
          "id": "attIF8nQPkfYQg3PD",
          "width": 245,
          "height": 245,
          "url": "https://dl.airtable.com/.attachments/30a5ed2ed078555a4bcfe03684fb85eb/372ed40a/IGP_inao_image_block.png?ts=1654586294&userId=usrF6kLgBaja75CMj&cs=3d50c67929537429",
          "filename": "IGP_inao_image_block.png",
          "size": 240796,
          "type": "image/png",
          "thumbnails": {
            "small": {
              "url": "https://dl.airtable.com/.attachmentThumbnails/0333ed4b7a128b7d06619f73677c9d6f/8c5f0926?ts=1654586294&userId=usrF6kLgBaja75CMj&cs=3e62618ee4eec0b4",
              "width": 36,
              "height": 36
            },
            "large": {
              "url": "https://dl.airtable.com/.attachmentThumbnails/c4178b165dbce5f0be0c580da79693eb/c4b7af40?ts=1654586294&userId=usrF6kLgBaja75CMj&cs=2a27ff491dd65a43",
              "width": 245,
              "height": 245
            },
            "full": {
              "url": "https://dl.airtable.com/.attachmentThumbnails/a5071bafb6139fdd1692b3869089d1a7/2cb765ef?ts=1654586294&userId=usrF6kLgBaja75CMj&cs=581cc153ce14c337",
              "width": 3000,
              "height": 3000
            }
          }
        }
      ],
      "Département (from FOURNISSEUR)": ["GARD"],
      "Code Postal (from FOURNISSEUR)": "30800",
      "Ville (from FOURNISSEUR)": "Saint Gilles",
      "STOCK DISPO (from Passerelle Stock vers BDD Produits/Producteurs)": "4",
      "Localisation (from FOURNISSEUR)": "30800 - SAINT GILLES - GARD"
    },
    "name": "Riz de Camargue IGP long étuvé \"Canavere\" - cuisson 10 min",
    "weight": "sac 5 kg",
    "price": "7.20",
    "pricePerKg": "1.44",
    "stock": "En stock"
  },
  {
    "id": "recHuJ60wOsAURUX2",
    "info": {
      "Code Produit QotQot": "FR07.0215.01355",
      "FOURNISSEUR": "Les Mignoteries",
      "Produit": "Cookies 3 chocolats",
      "Catégorie": ["Épicerie sucrée"],
      "Type": ["Biscuiterie"],
      "Spécificité": "Chocolat",
      "Statut": "Référencé",
      "Dispo": "En rupture",
      "Prix d'achat unitaire €HT": 3,
      "DDM (mois)": 4,
      "UVC - Conditionnement": "sachet",
      "UVC - Poids/vol": 120,
      "UVC - Unité": "g",
      "Prix d'achat kg/g/L €HT": 25,
      "Unité d'achat(X*UV)": 10,
      "Tx TVA": 0.055,
      "Produit Pro": true,
      "Produit Particulier": true,
      "Tarif Particulier TTC": 5.064,
      "numéro": 1355,
      "Code Fournisseur (from Fournisseurs)": "FR07.0215",
      "Département (from Coordonnées Sociétés)": ["ARDECHE"],
      "Franco €": "€150",
      "DESIGNATION": "COOKIES 3 CHOCOLATS",
      "Conditionnement": "sachet 120 g",
      "Tarif Pro (HT)": 4.5,
      "Tarif Pro (HT) au Kg/L": 37.5,
      "Unité Vente": 1,
      "Tarif Particulier TTC Arrondi": 5.1000000000000005,
      "Image produits avec fond": [
        {
          "id": "attZhLoy1FQjbLEFT",
          "width": 7360,
          "height": 4912,
          "url": "https://dl.airtable.com/.attachments/043a8bfc61ddd0d34d62b9714ac711fb/eaa4b3ce/Lesmignoteries-WEBSRGB79.jpg?ts=1654586294&userId=usrF6kLgBaja75CMj&cs=eac7e15722390ff0",
          "filename": "Lesmignoteries-WEB SRGB79.jpg",
          "size": 4126216,
          "type": "image/jpeg",
          "thumbnails": {
            "small": {
              "url": "https://dl.airtable.com/.attachmentThumbnails/1dd5462ec71b3b04deba959ed9348235/9c74109d?ts=1654586294&userId=usrF6kLgBaja75CMj&cs=e5e70ef9ac2a1150",
              "width": 54,
              "height": 36
            },
            "large": {
              "url": "https://dl.airtable.com/.attachmentThumbnails/76b6fe1360f721d91e83c6717586db30/664656c6?ts=1654586294&userId=usrF6kLgBaja75CMj&cs=3e17095d9ebe1336",
              "width": 767,
              "height": 512
            },
            "full": {
              "url": "https://dl.airtable.com/.attachmentThumbnails/6bf18c641dfa43ee064b1ee553f3f419/dfbda84a?ts=1654586294&userId=usrF6kLgBaja75CMj&cs=f3c3c7a621fb1eab",
              "width": 3000,
              "height": 3000
            }
          }
        }
      ],
      "Nom complet Produit pour formulaire de Mouvement de Stock": "sachet 120 g-COOKIES 3 CHOCOLATS//Les Mignoteries//FR07.0215.01355",
      "Prix de vente typeform € TTC": 4.9,
      "DESIGNATION TYPEFORM": "Cookies 3 chocolats - 120g -  // 4.90€",
      "Hypothèse 15% marge px pro": 5.5852941176470585,
      "CATEGORIE/TYPE": "Épicerie sucrée>Biscuiterie",
      "Condi.": "sachet\n120 g",
      "Disponibilité": "En rupture",
      "PRODUCTEUR": "LES MIGNOTERIES",
      "Spécificités": "Chocolat",
      "Commande Fournisseurs": "FR07.0215-11/02/2022, FR07.0215-08/03/2022",
      "Désignation Produit": "COOKIES 3 CHOCOLATS - sachet 120 g",
      "Désignation Produit 1 ligne": "COOKIES 3 CHOCOLATS - sachet 120 g",
      "Unité de vente détaillée": "1 X 120 g",
      "Délais d'appro (jours) (from FOURNISSEUR)": "21",
      "Nom de la Société (from FOURNISSEUR)": "Les Mignoteries",
      "Descriptif Producteur (from FOURNISSEUR)": "Les Mignoteries est une biscuiterie artisanale qui défend une approche gourmande et généreuse où le plus important reste le plaisir. Les éphémères Plaisir de déguster, mais également de découvrir. Pour cette raison, des offres éphèmères viennent compléter notre gamme de biscuits. Nous favorisons des produits locaux et n’ajoutons aucun additif industriel à nos biscuits. Les ingrédients sont hachés, zestés, rapés, torréfiés. Toutes les saveurs de nos biscuits sont entièrement naturelles.",
      "Photos Producteurs (from FOURNISSEUR)": [
        {
          "id": "attqwsE7MML5Lxh90",
          "width": 1000,
          "height": 950,
          "url": "https://dl.airtable.com/.attachments/5780ac06aea48b18aa9d49930166afc6/85cae671/title-1576680650.jpg?ts=1654586294&userId=usrF6kLgBaja75CMj&cs=ae2badaff0b46891",
          "filename": "title-1576680650.jpg",
          "size": 179712,
          "type": "image/jpeg",
          "thumbnails": {
            "small": {
              "url": "https://dl.airtable.com/.attachmentThumbnails/8ed41056b0f9421345c1f669bc2f6ce1/16601805?ts=1654586294&userId=usrF6kLgBaja75CMj&cs=db738a4c7f638534",
              "width": 38,
              "height": 36
            },
            "large": {
              "url": "https://dl.airtable.com/.attachmentThumbnails/2652093b497d905397ea0b0f4f16037e/9d9c8653?ts=1654586294&userId=usrF6kLgBaja75CMj&cs=22a8cec8a0996b88",
              "width": 539,
              "height": 512
            },
            "full": {
              "url": "https://dl.airtable.com/.attachmentThumbnails/d099d6f321d77790aafc329b96186a74/902c3fd4?ts=1654586294&userId=usrF6kLgBaja75CMj&cs=9779a66e09553ebf",
              "width": 3000,
              "height": 3000
            }
          }
        }
      ],
      "Département (from FOURNISSEUR)": ["ARDECHE"],
      "Code Postal (from FOURNISSEUR)": "07100",
      "Ville (from FOURNISSEUR)": " Saint-Marcel-lès-Annonay",
      "STOCK DISPO (from Passerelle Stock vers BDD Produits/Producteurs)": "0",
      "Import CSV Shopify": "FR07.0215.01355",
      "Localisation (from FOURNISSEUR)": "07100 -  SAINT-MARCEL-LÈS-ANNONAY - ARDECHE"
    },
    "name": "Cookies 3 chocolats",
    "weight": "sachet 120 g",
    "price": "3.00",
    "pricePerKg": "25.00",
    "stock": "En rupture"
  },
  {
    "id": "recI8qwcYloSobNHV",
    "info": {
      "Code Produit QotQot": "FR42.0006.01341",
      "FOURNISSEUR": "Charles Chocolartisan",
      "Produit": "NUTÔLOIRE -  Pâte à tartiner Lait - noisettes torréfiées et pointe de caramel ",
      "Catégorie": ["Épicerie sucrée"],
      "Type": ["Pâtes à tartiner"],
      "Spécificité": "Chocolat",
      "Statut": "Référencé",
      "Dispo": "En stock",
      "Prix d'achat unitaire €HT": 3.35,
      "Image produits sans fond": [
        {
          "id": "attS4hAIlh5fhcXn9",
          "width": 1000,
          "height": 1000,
          "url": "https://dl.airtable.com/.attachments/b6c4a948f718a34a9ca414ae8a7e0bfd/60b58512/pate-a-tartiner-charles-chocolartisan-nutoloire-280-gr.jpg?ts=1654586294&userId=usrF6kLgBaja75CMj&cs=5a53a5628439d3f5",
          "filename": "pate-a-tartiner-charles-chocolartisan-nutoloire-280-gr.jpg",
          "size": 808360,
          "type": "image/jpeg",
          "thumbnails": {
            "small": {
              "url": "https://dl.airtable.com/.attachmentThumbnails/009abc757f4a82679a1b280830486641/da8a2f0b?ts=1654586294&userId=usrF6kLgBaja75CMj&cs=28b62a443d036054",
              "width": 36,
              "height": 36
            },
            "large": {
              "url": "https://dl.airtable.com/.attachmentThumbnails/f900692c78f48c64c0ac56bb26d856cd/36a46804?ts=1654586294&userId=usrF6kLgBaja75CMj&cs=71d2dbf3e748d461",
              "width": 512,
              "height": 512
            },
            "full": {
              "url": "https://dl.airtable.com/.attachmentThumbnails/6a6af5e9a82682cce197bbe61d5db389/bd0f1df2?ts=1654586294&userId=usrF6kLgBaja75CMj&cs=827abce18be3a3f3",
              "width": 3000,
              "height": 3000
            }
          }
        }
      ],
      "DDM (mois)": 6,
      "UVC - Conditionnement": "Pot PET",
      "UVC - Poids/vol": 280,
      "UVC - Unité": "g",
      "Prix d'achat kg/g/L €HT": 11.964285714285714,
      "Unité d'achat(X*UV)": 12,
      "Tx TVA": 0.055,
      "Produit Pro": true,
      "Produit Particulier": true,
      "Tarif Particulier TTC": 5.6548,
      "numéro": 1341,
      "Code Fournisseur (from Fournisseurs)": "FR42.0006",
      "Département (from Coordonnées Sociétés)": ["LOIRE"],
      "Franco €": "€250",
      "DESIGNATION": "NUTÔLOIRE -  PÂTE À TARTINER LAIT - NOISETTES TORRÉFIÉES ET POINTE DE CARAMEL ",
      "Conditionnement": "Pot PET 280 g",
      "Tarif Pro (HT)": 5.025,
      "Tarif Pro (HT) au Kg/L": 17.946428571428573,
      "Unité Vente": 1,
      "Tarif Particulier TTC Arrondi": 5.7,
      "Image produits avec fond": [
        {
          "id": "attS4hAIlh5fhcXn9",
          "width": 1000,
          "height": 1000,
          "url": "https://dl.airtable.com/.attachments/b6c4a948f718a34a9ca414ae8a7e0bfd/60b58512/pate-a-tartiner-charles-chocolartisan-nutoloire-280-gr.jpg?ts=1654586294&userId=usrF6kLgBaja75CMj&cs=5a53a5628439d3f5",
          "filename": "pate-a-tartiner-charles-chocolartisan-nutoloire-280-gr.jpg",
          "size": 808360,
          "type": "image/jpeg",
          "thumbnails": {
            "small": {
              "url": "https://dl.airtable.com/.attachmentThumbnails/009abc757f4a82679a1b280830486641/da8a2f0b?ts=1654586294&userId=usrF6kLgBaja75CMj&cs=28b62a443d036054",
              "width": 36,
              "height": 36
            },
            "large": {
              "url": "https://dl.airtable.com/.attachmentThumbnails/f900692c78f48c64c0ac56bb26d856cd/36a46804?ts=1654586294&userId=usrF6kLgBaja75CMj&cs=71d2dbf3e748d461",
              "width": 512,
              "height": 512
            },
            "full": {
              "url": "https://dl.airtable.com/.attachmentThumbnails/6a6af5e9a82682cce197bbe61d5db389/bd0f1df2?ts=1654586294&userId=usrF6kLgBaja75CMj&cs=827abce18be3a3f3",
              "width": 3000,
              "height": 3000
            }
          }
        }
      ],
      "Nom complet Produit pour formulaire de Mouvement de Stock": "Pot PET 280 g-NUTÔLOIRE -  PÂTE À TARTINER LAIT - NOISETTES TORRÉFIÉES ET POINTE DE CARAMEL //Charles Chocolartisan//FR42.0006.01341",
      "Prix de vente € TTC conseillé": 7,
      "Prix de vente typeform € TTC": 6.3,
      "DESIGNATION TYPEFORM": "NUTÔLOIRE -  Pâte à tartiner Lait - noisettes torréfiées et pointe de caramel  - 280g -  // 6.30€",
      "Hypothèse 15% marge px pro": 6.236911764705883,
      "CATEGORIE/TYPE": "Épicerie sucrée>Pâtes à tartiner",
      "Condi.": "Pot PET\n280 g",
      "Disponibilité": "En stock",
      "PRODUCTEUR": "CHARLES CHOCOLARTISAN",
      "Spécificités": "Chocolat",
      "Commande Fournisseurs": "FR42.0006-14/01/2022",
      "Désignation Produit": "NUTÔLOIRE -  PÂTE À TARTINER LAIT - NOISETTES TORRÉFIÉES ET POINTE DE CARAMEL  - Pot PET 280 g",
      "Désignation Produit 1 ligne": "NUTÔLOIRE -  PÂTE À TARTINER LAIT - NOISETTES TORRÉFIÉES ET POINTE DE CARAMEL  - Pot PET 280 g",
      "Unité de vente détaillée": "1 X 280 g",
      "Délais d'appro (jours) (from FOURNISSEUR)": "10",
      "Nom de la Société (from FOURNISSEUR)": "Charles Chocolartisan",
      "Descriptif Producteur (from FOURNISSEUR)": "Pâtes à tartiner sans huile de palme.  - des produits trop bons à l'intérieur - avec des ingrédients naturels et de qualité - et un brin d'histoire aussi FABRICATION 100% FRANCAISE ! Le site de production Charles Chocolartisan se situe à Civens, un petit village du département de la Loire, non loin de Saint-Etienne et de Lyon. C’est ici que les plus grands secrets tartinés sont gardés ! Toutes les recettes sont fabriquées sur le territoire ligérien par les petites mains de nos écureuils, avec des matières premières issues de l'agriculture Française, lorsque cela est rendu possible bien sûr (plutôt complexe de cultiver le cacao dans son jardin).   BIENVEILLANCE ! C'est être bienveillant envers ceux et celles qui nous entourent et faire intervenir le plus possible les acteurs locaux. C'est aussi respecter l'environnement en utilisant seulement des produits sains et naturels. Enfin, être bienveillant c'est aussi prendre soin de TA santé, et celle de tous nos gourmands avec des pâtes à tartiner sans conservateur, sans arôme artificiel, sans additif chimique et SANS HUILE DE PALME. Roland CHARLES est chocolatier artisan depuis 2005. MAITRE ARTISAN",
      "Photos Producteurs (from FOURNISSEUR)": [
        {
          "id": "attlyCwSWsJVVaZIA",
          "width": 5184,
          "height": 3456,
          "url": "https://dl.airtable.com/.attachments/6eddd894aefe0270b2280f1454e78a73/f3e491d7/Made_In_Craft_spread?ts=1654586294&userId=usrF6kLgBaja75CMj&cs=c13819b84cfaff20",
          "filename": "Made_In_Craft_spread",
          "size": 2141430,
          "type": "image/jpeg",
          "thumbnails": {
            "small": {
              "url": "https://dl.airtable.com/.attachmentThumbnails/de6c90224f0151739c12abd7467357fd/c2bc654e?ts=1654586294&userId=usrF6kLgBaja75CMj&cs=96ce4f8bf32640fc",
              "width": 54,
              "height": 36
            },
            "large": {
              "url": "https://dl.airtable.com/.attachmentThumbnails/6bd8ecb64b9e96498a2fe1ee79e6f4d0/0b0c54db?ts=1654586294&userId=usrF6kLgBaja75CMj&cs=fcfa2d0146a5093e",
              "width": 768,
              "height": 512
            },
            "full": {
              "url": "https://dl.airtable.com/.attachmentThumbnails/ae7f4fdf8b25234b63bc4bec1298a6b9/646d8ec8?ts=1654586294&userId=usrF6kLgBaja75CMj&cs=4c70505f8b89b0b4",
              "width": 3000,
              "height": 3000
            }
          }
        }
      ],
      "Label (from FOURNISSEUR)": ["Maitre Artisan"],
      "LABEL LOGO (from FOURNISSEUR)": [
        {
          "id": "atteoANboPg1rt7qO",
          "width": 500,
          "height": 500,
          "url": "https://dl.airtable.com/.attachments/1666ef036bbf7ef0f736298627086a50/e835b947/d11187.png?ts=1654586294&userId=usrF6kLgBaja75CMj&cs=940682eef8138829",
          "filename": "d11187.png",
          "size": 24032,
          "type": "image/png",
          "thumbnails": {
            "small": {
              "url": "https://dl.airtable.com/.attachmentThumbnails/f4f7d5dbba88423af7f3d4db934f11bb/c318ffd2?ts=1654586294&userId=usrF6kLgBaja75CMj&cs=cc6c831b7b19ce6e",
              "width": 36,
              "height": 36
            },
            "large": {
              "url": "https://dl.airtable.com/.attachmentThumbnails/cc82b4b4a4afecd526f70be6b662d042/45f6edb2?ts=1654586294&userId=usrF6kLgBaja75CMj&cs=d98956868f0bdab5",
              "width": 500,
              "height": 500
            },
            "full": {
              "url": "https://dl.airtable.com/.attachmentThumbnails/e814e533d08305a5ca64aa5ee51b3c2c/8aa2f1a8?ts=1654586294&userId=usrF6kLgBaja75CMj&cs=5873acc6a6e85048",
              "width": 3000,
              "height": 3000
            }
          }
        }
      ],
      "Département (from FOURNISSEUR)": ["LOIRE"],
      "Code Postal (from FOURNISSEUR)": "42110",
      "Ville (from FOURNISSEUR)": "CIVENS",
      "STOCK DISPO (from Passerelle Stock vers BDD Produits/Producteurs)": "7",
      "Import CSV Shopify": "FR42.0006.01341",
      "Localisation (from FOURNISSEUR)": "42110 - CIVENS - LOIRE"
    },
    "name": "NUTÔLOIRE -  Pâte à tartiner Lait - noisettes torréfiées et pointe de caramel ",
    "weight": "Pot PET 280 g",
    "price": "3.35",
    "pricePerKg": "11.96",
    "stock": "En stock",
    "picture": "https://dl.airtable.com/.attachments/b6c4a948f718a34a9ca414ae8a7e0bfd/60b58512/pate-a-tartiner-charles-chocolartisan-nutoloire-280-gr.jpg?ts=1654586294&userId=usrF6kLgBaja75CMj&cs=5a53a5628439d3f5"
  },
  {
    "id": "recIDtWMLSOHUyFy9",
    "info": {
      "Code Produit QotQot": "FR69.0226.01499",
      "FOURNISSEUR": "CROC",
      "Produit": "Barres céréales Abricot canneberge",
      "Catégorie": ["Épicerie sucrée"],
      "Type": ["Barres Céréales"],
      "Spécificité": "Au fruits",
      "Statut": "Référencé",
      "Dispo": "En stock",
      "Prix d'achat unitaire €HT": 1.1,
      "Image produits sans fond": [
        {
          "id": "att4SdtSOCVI2oRWu",
          "width": 2000,
          "height": 2000,
          "url": "https://dl.airtable.com/.attachments/5b38c4b2647dee1b693efc78018a41d7/3f97f37f/BARRE-ABRICOT-CANNEBERGE.jpg?ts=1654586294&userId=usrF6kLgBaja75CMj&cs=ac7984415cac3546",
          "filename": "BARRE-ABRICOT-CANNEBERGE.jpg",
          "size": 273476,
          "type": "image/jpeg",
          "thumbnails": {
            "small": {
              "url": "https://dl.airtable.com/.attachmentThumbnails/11b286bc6edb9872d55613b7d8d6c03d/b856f0a1?ts=1654586294&userId=usrF6kLgBaja75CMj&cs=a3eef49a68480ec3",
              "width": 36,
              "height": 36
            },
            "large": {
              "url": "https://dl.airtable.com/.attachmentThumbnails/db8b75b3d3882a14b41b2a7b0c772657/bb0727ab?ts=1654586294&userId=usrF6kLgBaja75CMj&cs=f924f1c08e3f30e5",
              "width": 512,
              "height": 512
            },
            "full": {
              "url": "https://dl.airtable.com/.attachmentThumbnails/7d2d49fb7e35e2bf1fdb0c1717626f51/1fa5e820?ts=1654586294&userId=usrF6kLgBaja75CMj&cs=07152b502a51cf70",
              "width": 3000,
              "height": 3000
            }
          }
        }
      ],
      "EAN 13": { "text": "376028009 0098" },
      "SIQO": ["BIO"],
      "DDM (mois)": 8,
      "UVC - Conditionnement": "sachet",
      "UVC - Poids/vol": 38,
      "UVC - Unité": "g",
      "Prix d'achat kg/g/L €HT": 28.947368421052634,
      "Unité d'achat(X*UV)": 22,
      "Tx TVA": 0.055,
      "Produit Pro": true,
      "Produit Particulier": true,
      "Tarif Particulier TTC": 1.8568000000000002,
      "numéro": 1499,
      "Code Fournisseur (from Fournisseurs)": "FR69.0226",
      "Département (from Coordonnées Sociétés)": ["RHÔNE"],
      "Franco €": "€150",
      "DESIGNATION": "BARRES CÉRÉALES ABRICOT CANNEBERGE - BIO",
      "Conditionnement": "sachet 38 g",
      "Tarif Pro (HT)": 1.6500000000000001,
      "Tarif Pro (HT) au Kg/L": 43.42105263157895,
      "Unité Vente": 1,
      "Tarif Particulier TTC Arrondi": 1.9000000000000001,
      "LABEL": [
        {
          "id": "attdzLJnjcNd0rRmE",
          "width": 1335,
          "height": 606,
          "url": "https://dl.airtable.com/.attachments/0e9e633af4f109241b1f6cc70f2cb0bc/fe8d7a9e/Capture-2.png?ts=1654586294&userId=usrF6kLgBaja75CMj&cs=aea7a14f8a72c9bc",
          "filename": "Capture-2.png",
          "size": 105113,
          "type": "image/png",
          "thumbnails": {
            "small": {
              "url": "https://dl.airtable.com/.attachmentThumbnails/5e394e47a9ef364059f4dd554b2473c3/1cd419bf?ts=1654586294&userId=usrF6kLgBaja75CMj&cs=2215178bbd0704ff",
              "width": 79,
              "height": 36
            },
            "large": {
              "url": "https://dl.airtable.com/.attachmentThumbnails/e8ae48781a550c1899f42cc102006df4/47cf57c9?ts=1654586294&userId=usrF6kLgBaja75CMj&cs=0f384d2befc8856f",
              "width": 1128,
              "height": 512
            },
            "full": {
              "url": "https://dl.airtable.com/.attachmentThumbnails/4b4f2305169a6254d9ae9f526c9dedef/b11e2141?ts=1654586294&userId=usrF6kLgBaja75CMj&cs=12316e7ecbc90f2c",
              "width": 3000,
              "height": 3000
            }
          }
        }
      ],
      "Image produits avec fond": [
        {
          "id": "att4SdtSOCVI2oRWu",
          "width": 2000,
          "height": 2000,
          "url": "https://dl.airtable.com/.attachments/5b38c4b2647dee1b693efc78018a41d7/3f97f37f/BARRE-ABRICOT-CANNEBERGE.jpg?ts=1654586294&userId=usrF6kLgBaja75CMj&cs=ac7984415cac3546",
          "filename": "BARRE-ABRICOT-CANNEBERGE.jpg",
          "size": 273476,
          "type": "image/jpeg",
          "thumbnails": {
            "small": {
              "url": "https://dl.airtable.com/.attachmentThumbnails/11b286bc6edb9872d55613b7d8d6c03d/b856f0a1?ts=1654586294&userId=usrF6kLgBaja75CMj&cs=a3eef49a68480ec3",
              "width": 36,
              "height": 36
            },
            "large": {
              "url": "https://dl.airtable.com/.attachmentThumbnails/db8b75b3d3882a14b41b2a7b0c772657/bb0727ab?ts=1654586294&userId=usrF6kLgBaja75CMj&cs=f924f1c08e3f30e5",
              "width": 512,
              "height": 512
            },
            "full": {
              "url": "https://dl.airtable.com/.attachmentThumbnails/7d2d49fb7e35e2bf1fdb0c1717626f51/1fa5e820?ts=1654586294&userId=usrF6kLgBaja75CMj&cs=07152b502a51cf70",
              "width": 3000,
              "height": 3000
            }
          }
        }
      ],
      "Nom complet Produit pour formulaire de Mouvement de Stock": "sachet 38 g-BARRES CÉRÉALES ABRICOT CANNEBERGE - BIO//CROC//FR69.0226.01499",
      "Prix de vente € TTC conseillé": 1.86,
      "Prix de vente typeform € TTC": 2.1,
      "DESIGNATION TYPEFORM": "Barres céréales Abricot canneberge - 38g - BIO // 2.10€",
      "Hypothèse 15% marge px pro": 2.047941176470588,
      "CATEGORIE/TYPE": "Épicerie sucrée>Barres Céréales",
      "Condi.": "sachet\n38 g",
      "Disponibilité": "En stock",
      "PRODUCTEUR": "CROC",
      "Spécificités": "Au fruits",
      "Commande Fournisseurs": "FR69.0226-14/03/2022",
      "Désignation Produit": "BARRES CÉRÉALES ABRICOT CANNEBERGE - BIO - sachet 38 g",
      "Désignation Produit 1 ligne": "BARRES CÉRÉALES ABRICOT CANNEBERGE - BIO - sachet 38 g",
      "Unité de vente détaillée": "1 X 38 g",
      "Délais d'appro (jours) (from FOURNISSEUR)": "6",
      "Nom de la Société (from FOURNISSEUR)": "CROC",
      "Descriptif Producteur (from FOURNISSEUR)": "Depuis 2017, CROC, torréfie et transforme des fruits secs bio pour vous proposer des recettes salées et sucrées saines et pleines de goût. Notre gamme est 100% bio, principalement équitable et intégralement disponible en format vrac. Très attachés au savoir faire et au goût, nous choisissons les meilleures matières premières et travaillons en direct avec nos fournisseurs pour vous proposer la meilleure qualité sans concession sur le prix.",
      "Photos Producteurs (from FOURNISSEUR)": [
        {
          "id": "att3d1SGKjLXPJmSc",
          "width": 600,
          "height": 600,
          "url": "https://dl.airtable.com/.attachments/533cbbf9c926a4bc315296c3bb8992d8/9e2fd401/virginie-olivier-web-600x600.jpg?ts=1654586294&userId=usrF6kLgBaja75CMj&cs=772e6b03ca1f2acf",
          "filename": "virginie-olivier-web-600x600.jpg",
          "size": 62676,
          "type": "image/jpeg",
          "thumbnails": {
            "small": {
              "url": "https://dl.airtable.com/.attachmentThumbnails/c94639dfe17446a54b40e0756a1fe9cc/5faa26a9?ts=1654586294&userId=usrF6kLgBaja75CMj&cs=824c708b8d1214b5",
              "width": 36,
              "height": 36
            },
            "large": {
              "url": "https://dl.airtable.com/.attachmentThumbnails/31de9a9f5133222bf7b67144c5c3dca8/c07a7c5f?ts=1654586294&userId=usrF6kLgBaja75CMj&cs=60ba5bfd55839111",
              "width": 512,
              "height": 512
            },
            "full": {
              "url": "https://dl.airtable.com/.attachmentThumbnails/25d8f1d84b3233c11dcbd960c5957f8d/b0e5d88b?ts=1654586294&userId=usrF6kLgBaja75CMj&cs=576067acb95995b0",
              "width": 3000,
              "height": 3000
            }
          }
        }
      ],
      "Label (from FOURNISSEUR)": ["AB"],
      "LABEL LOGO (from FOURNISSEUR)": [
        {
          "id": "atthdViQyZ14LUu8l",
          "width": 1335,
          "height": 606,
          "url": "https://dl.airtable.com/.attachments/0d38d4bd251d74a58a370972d36e2d16/bbd1e6dd/Capture-2.png?ts=1654586294&userId=usrF6kLgBaja75CMj&cs=5613e82b554bf6db",
          "filename": "Capture-2.png",
          "size": 105113,
          "type": "image/png",
          "thumbnails": {
            "small": {
              "url": "https://dl.airtable.com/.attachmentThumbnails/d29e6895f30966e9dd650c26d42c694c/528b8acc?ts=1654586294&userId=usrF6kLgBaja75CMj&cs=4a7960b96ffd4eb6",
              "width": 79,
              "height": 36
            },
            "large": {
              "url": "https://dl.airtable.com/.attachmentThumbnails/43bc2d03176c12b59a06a15126d895c5/2d781fa8?ts=1654586294&userId=usrF6kLgBaja75CMj&cs=2d8a117035c3edfd",
              "width": 1128,
              "height": 512
            },
            "full": {
              "url": "https://dl.airtable.com/.attachmentThumbnails/c10f50df2e56d08c78870d0f258cabc7/c7210777?ts=1654586294&userId=usrF6kLgBaja75CMj&cs=bd975310d2340565",
              "width": 3000,
              "height": 3000
            }
          }
        }
      ],
      "Département (from FOURNISSEUR)": ["RHÔNE"],
      "Code Postal (from FOURNISSEUR)": "69007",
      "Ville (from FOURNISSEUR)": "Lyon",
      "STOCK DISPO (from Passerelle Stock vers BDD Produits/Producteurs)": "22",
      "Import CSV Shopify": "FR69.0226.01499",
      "Localisation (from FOURNISSEUR)": "69007 - LYON - RHÔNE"
    },
    "name": "Barres céréales Abricot canneberge",
    "weight": "sachet 38 g",
    "price": "1.10",
    "pricePerKg": "28.95",
    "stock": "En stock",
    "picture": "https://dl.airtable.com/.attachments/5b38c4b2647dee1b693efc78018a41d7/3f97f37f/BARRE-ABRICOT-CANNEBERGE.jpg?ts=1654586294&userId=usrF6kLgBaja75CMj&cs=ac7984415cac3546"
  },
  {
    "id": "recIXkSqBXL7XQXEM",
    "info": {
      "Code Produit QotQot": "FR30.0012.00882",
      "FOURNISSEUR": "Riz Canavere Camargue",
      "Produit": "Riz de Camargue IGP long noir \"Canavere\" - cuisson 18 min",
      "Catégorie": ["Épicerie salée"],
      "Type": ["Riz"],
      "Spécificité": "Noir",
      "Statut": "Référencé",
      "Dispo": "En stock",
      "Prix d'achat unitaire €HT": 2.29,
      "Descriptif Produit": "Ce riz historiquement était appelé le “riz vénéré” ou le “riz interdit” en Asie, car il était très rare et très chargé en bons nutriments. Il pousse maintenant en Camargue et possède toujours autant de très bonnes propriétés, son enveloppe noire ou brune lui permet de conserver toutes ses qualités nutritionnelles. Véritable riz complet, il surprend par son goût ferme et atypique après cuisson. Après cuisson, et une fois dans l’assiette, il se dénote complètement par sa couleur hors du commun.  ",
      "Image produits sans fond": [
        {
          "id": "attJt0YXLhQNPmNcA",
          "width": 561,
          "height": 445,
          "url": "https://dl.airtable.com/.attachments/b987460efa04ae6903b656de4eec728e/1e6c15d7/Screenshot_2021-12-02_at_14-21-04_Riz_de_Camargue_Long_Noir_IGP_-_Canavere-removebg-preview.png?ts=1654586294&userId=usrF6kLgBaja75CMj&cs=52c28aa412016f5d",
          "filename": "Screenshot_2021-12-02_at_14-21-04_Riz_de_Camargue_Long_Noir_IGP_-_Canavere-removebg-preview.png",
          "size": 166171,
          "type": "image/png",
          "thumbnails": {
            "small": {
              "url": "https://dl.airtable.com/.attachmentThumbnails/4c296806cf4a33ad52db08f2d9c3b83e/3e23e676?ts=1654586294&userId=usrF6kLgBaja75CMj&cs=7003c7271c6fcd1b",
              "width": 45,
              "height": 36
            },
            "large": {
              "url": "https://dl.airtable.com/.attachmentThumbnails/8da031e506eb4ffc243de99b28840bec/382cf48f?ts=1654586294&userId=usrF6kLgBaja75CMj&cs=2f0f5d7816069493",
              "width": 561,
              "height": 445
            },
            "full": {
              "url": "https://dl.airtable.com/.attachmentThumbnails/e344f6e98a065e951b275749219c6e11/058cac9f?ts=1654586294&userId=usrF6kLgBaja75CMj&cs=68514d8bb8dbfed7",
              "width": 3000,
              "height": 3000
            }
          }
        }
      ],
      "EAN 13": { "text": "3520991930317" },
      "SIQO": ["IGP"],
      "Référence Fournisseur": "0732",
      "UVC - Conditionnement": "sac",
      "UVC - Poids/vol": 500,
      "UVC - Unité": "g",
      "Prix d'achat kg/g/L €HT": 4.58,
      "Unité d'achat(X*UV)": 12,
      "Tx TVA": 0.055,
      "Produit Pro": true,
      "Produit Particulier": true,
      "Tarif Particulier TTC": 3.86552,
      "Commentaires": "EPICERIE - \n Produits soumis au cours, pouvant entraîner des fluctuations de prix\nsous réerve de disponibilité",
      "numéro": 882,
      "Code Fournisseur (from Fournisseurs)": "FR30.0012",
      "Département (from Coordonnées Sociétés)": ["GARD"],
      "DESIGNATION": "RIZ DE CAMARGUE IGP LONG NOIR \"CANAVERE\" - CUISSON 18 MIN - IGP",
      "Conditionnement": "sac 500 g",
      "Tarif Pro (HT)": 3.435,
      "Tarif Pro (HT) au Kg/L": 6.87,
      "Unité Vente": 1,
      "Tarif Particulier TTC Arrondi": 3.9000000000000004,
      "LABEL": [
        {
          "id": "attpiASv6llbLqJjW",
          "width": 245,
          "height": 245,
          "url": "https://dl.airtable.com/.attachments/4ddebfa3010a70593140d0b7fa459db2/61771ed5/8c3d1490?ts=1654586294&userId=usrF6kLgBaja75CMj&cs=569efa4e1496bff9",
          "filename": "8c3d1490",
          "size": 45917,
          "type": "image/png",
          "thumbnails": {
            "small": {
              "url": "https://dl.airtable.com/.attachmentThumbnails/08eb6f2363ca31fb0052ed9df23ee4b0/69417b30?ts=1654586294&userId=usrF6kLgBaja75CMj&cs=428f5d7a64e8c6f3",
              "width": 36,
              "height": 36
            },
            "large": {
              "url": "https://dl.airtable.com/.attachmentThumbnails/8bb10436d71fec8a3842cbc5f7b1d681/359ba35b?ts=1654586294&userId=usrF6kLgBaja75CMj&cs=e0673a97d3acff3e",
              "width": 245,
              "height": 245
            },
            "full": {
              "url": "https://dl.airtable.com/.attachmentThumbnails/53f49e50cb06aee94e6d222d22ed9356/c107708c?ts=1654586294&userId=usrF6kLgBaja75CMj&cs=3c48513297b2a43b",
              "width": 3000,
              "height": 3000
            }
          }
        }
      ],
      "Image produits avec fond": [
        {
          "id": "attYWfOpyf8htsp2g",
          "width": 455,
          "height": 383,
          "url": "https://dl.airtable.com/.attachments/6fc9d257bd52e451c94099d0e6ad8702/5306de68/Captureweb_13-12-2021_14222_canavere.fr.jpeg?ts=1654586294&userId=usrF6kLgBaja75CMj&cs=f7f962ccabf08cab",
          "filename": "Capture web_13-12-2021_14222_canavere.fr.jpeg",
          "size": 50674,
          "type": "image/jpeg",
          "thumbnails": {
            "small": {
              "url": "https://dl.airtable.com/.attachmentThumbnails/5af793870601441a011a88718fd1a005/ab8c125c?ts=1654586294&userId=usrF6kLgBaja75CMj&cs=c43d361c6abd8a46",
              "width": 43,
              "height": 36
            },
            "large": {
              "url": "https://dl.airtable.com/.attachmentThumbnails/f2301917c36b060d0e0844e36ea0ceac/a619441a?ts=1654586294&userId=usrF6kLgBaja75CMj&cs=e9718926b40702e3",
              "width": 455,
              "height": 383
            },
            "full": {
              "url": "https://dl.airtable.com/.attachmentThumbnails/64b299a2e4de97e1a36a53bae1eee22c/1a17d709?ts=1654586294&userId=usrF6kLgBaja75CMj&cs=e5f764f09c8c75ca",
              "width": 3000,
              "height": 3000
            }
          }
        }
      ],
      "Nom complet Produit pour formulaire de Mouvement de Stock": "sac 500 g-RIZ DE CAMARGUE IGP LONG NOIR \"CANAVERE\" - CUISSON 18 MIN - IGP//Riz Canavere Camargue//FR30.0012.00882",
      "Prix de vente typeform € TTC": 5.1,
      "DESIGNATION TYPEFORM": "Riz de Camargue IGP long noir \"Canavere\" - cuisson 18 min - 500g - IGP // 5.10€",
      "Hypothèse 15% marge px pro": 4.263441176470588,
      "CATEGORIE/TYPE": "Épicerie salée>Riz",
      "Condi.": "sac\n500 g",
      "Disponibilité": "En stock",
      "PRODUCTEUR": "RIZ CANAVERE CAMARGUE",
      "Spécificités": "Noir",
      "Désignation Produit": "RIZ DE CAMARGUE IGP LONG NOIR \"CANAVERE\" - CUISSON 18 MIN - IGP - sac 500 g",
      "Désignation Produit 1 ligne": "RIZ DE CAMARGUE IGP LONG NOIR \"CANAVERE\" - CUISSON 18 MIN - IGP - sac 500 g",
      "Unité de vente détaillée": "1 X 500 g",
      "Délais d'appro (jours) (from FOURNISSEUR)": "15",
      "Nom de la Société (from FOURNISSEUR)": "Riz Canavere Camargue",
      "Descriptif Producteur (from FOURNISSEUR)": "Découvrez le riz de Camargue au travers de notre passion & notre savoir-faire familiale. UNE ENTREPRISE FAMILIALE La société Benoit Riz de Canavere a été fondée en 1993, par Jean Louis Benoit, fils de Louis Benoit, riziculteurs Camarguais de père en fils. Précurseur dans la riziculture en Camargue, \"Canavere\" est une entreprise familiale qui travaille depuis 4 générations au développement d’une production agricole respectueuse des sols et des Hommes : « Nous défendons une agriculture raisonnée ; et nous ne nous plierons pas à l’effet de mode du Green Marketing » qui consiste à marketer les produits BIO ou « Organic » sans conscience exacte de la provenance et la fabrication de notre produit. Riz semé, cultivé & emballé en Camargue dans un rayon de 30km Estampillé Sud de France, IGP, sans Gluten",
      "Photos Producteurs (from FOURNISSEUR)": [
        {
          "id": "attZDGnYYdclQEm77",
          "width": 1440,
          "height": 1440,
          "url": "https://dl.airtable.com/.attachments/56a872a411d285a32c78569cd73a17b3/feb1c8fa/123602542_3453678604701117_152993012696548202_n.jpg?ts=1654586294&userId=usrF6kLgBaja75CMj&cs=195c698b2ab2e194",
          "filename": "123602542_3453678604701117_152993012696548202_n.jpg",
          "size": 346171,
          "type": "image/jpeg",
          "thumbnails": {
            "small": {
              "url": "https://dl.airtable.com/.attachmentThumbnails/285e15f2ad7ba136c900ad2fe7776fd8/35d04ee2?ts=1654586294&userId=usrF6kLgBaja75CMj&cs=1037487add9023e1",
              "width": 36,
              "height": 36
            },
            "large": {
              "url": "https://dl.airtable.com/.attachmentThumbnails/cfd0c1cca8979734d536292fcd10c980/dc5f692b?ts=1654586294&userId=usrF6kLgBaja75CMj&cs=3a943a9bac40202e",
              "width": 512,
              "height": 512
            },
            "full": {
              "url": "https://dl.airtable.com/.attachmentThumbnails/022baf280ed074a8a7b07899512114ee/29f83b23?ts=1654586294&userId=usrF6kLgBaja75CMj&cs=a7ea931c6eaf58d0",
              "width": 3000,
              "height": 3000
            }
          }
        }
      ],
      "Label (from FOURNISSEUR)": ["AB", "CCF", "IGP"],
      "LABEL LOGO (from FOURNISSEUR)": [
        {
          "id": "attOjlB3OP92IAQLw",
          "width": 1335,
          "height": 606,
          "url": "https://dl.airtable.com/.attachments/bde3a9041e764a52284e9d7e724c6906/c4f70304/Capture-2.png?ts=1654586294&userId=usrF6kLgBaja75CMj&cs=7a13c35073f4693a",
          "filename": "Capture-2.png",
          "size": 105113,
          "type": "image/png",
          "thumbnails": {
            "small": {
              "url": "https://dl.airtable.com/.attachmentThumbnails/d610587c76107b1b40e5a9504a63a299/420fc780?ts=1654586294&userId=usrF6kLgBaja75CMj&cs=70b0e4f3e026dd6b",
              "width": 79,
              "height": 36
            },
            "large": {
              "url": "https://dl.airtable.com/.attachmentThumbnails/5e662ed8382bb04d74a88e0fd59474a4/1071aab4?ts=1654586294&userId=usrF6kLgBaja75CMj&cs=4b212cfb1743424b",
              "width": 1128,
              "height": 512
            },
            "full": {
              "url": "https://dl.airtable.com/.attachmentThumbnails/e515a39fdc1988e16ad042723ede9501/17bb594b?ts=1654586294&userId=usrF6kLgBaja75CMj&cs=694b54ee1f00f647",
              "width": 3000,
              "height": 3000
            }
          }
        },
        {
          "id": "attMuhgIz0i6EF3sO",
          "width": 562,
          "height": 796,
          "url": "https://dl.airtable.com/.attachments/ac55e066dc4c694c226bc7aa3603b3ff/31baf7ba/PAQ_LOGO_DTOUR.png?ts=1654586294&userId=usrF6kLgBaja75CMj&cs=688ef98d43b2fe07",
          "filename": "PAQ_LOGO_DÉTOURÉ.png",
          "size": 123333,
          "type": "image/png",
          "thumbnails": {
            "small": {
              "url": "https://dl.airtable.com/.attachmentThumbnails/e4ab024c3f5ae6d6703b12b21c377b2f/011e11ad?ts=1654586294&userId=usrF6kLgBaja75CMj&cs=7febad892daee4e2",
              "width": 25,
              "height": 36
            },
            "large": {
              "url": "https://dl.airtable.com/.attachmentThumbnails/e38099c48c3548fe4a91ffd6022b1f90/5617c169?ts=1654586294&userId=usrF6kLgBaja75CMj&cs=9b828de300ba475b",
              "width": 512,
              "height": 725
            },
            "full": {
              "url": "https://dl.airtable.com/.attachmentThumbnails/3c384b36e8ef6fad60696f0f487e36e2/7835c7a6?ts=1654586294&userId=usrF6kLgBaja75CMj&cs=62ac7cb5884e8b9a",
              "width": 3000,
              "height": 3000
            }
          }
        },
        {
          "id": "attIF8nQPkfYQg3PD",
          "width": 245,
          "height": 245,
          "url": "https://dl.airtable.com/.attachments/30a5ed2ed078555a4bcfe03684fb85eb/372ed40a/IGP_inao_image_block.png?ts=1654586294&userId=usrF6kLgBaja75CMj&cs=3d50c67929537429",
          "filename": "IGP_inao_image_block.png",
          "size": 240796,
          "type": "image/png",
          "thumbnails": {
            "small": {
              "url": "https://dl.airtable.com/.attachmentThumbnails/0333ed4b7a128b7d06619f73677c9d6f/8c5f0926?ts=1654586294&userId=usrF6kLgBaja75CMj&cs=3e62618ee4eec0b4",
              "width": 36,
              "height": 36
            },
            "large": {
              "url": "https://dl.airtable.com/.attachmentThumbnails/c4178b165dbce5f0be0c580da79693eb/c4b7af40?ts=1654586294&userId=usrF6kLgBaja75CMj&cs=2a27ff491dd65a43",
              "width": 245,
              "height": 245
            },
            "full": {
              "url": "https://dl.airtable.com/.attachmentThumbnails/a5071bafb6139fdd1692b3869089d1a7/2cb765ef?ts=1654586294&userId=usrF6kLgBaja75CMj&cs=581cc153ce14c337",
              "width": 3000,
              "height": 3000
            }
          }
        }
      ],
      "Département (from FOURNISSEUR)": ["GARD"],
      "Code Postal (from FOURNISSEUR)": "30800",
      "Ville (from FOURNISSEUR)": "Saint Gilles",
      "STOCK DISPO (from Passerelle Stock vers BDD Produits/Producteurs)": "9",
      "Import CSV Shopify": "FR30.0012.00882",
      "Localisation (from FOURNISSEUR)": "30800 - SAINT GILLES - GARD"
    },
    "name": "Riz de Camargue IGP long noir \"Canavere\" - cuisson 18 min",
    "weight": "sac 500 g",
    "price": "2.29",
    "pricePerKg": "4.58",
    "stock": "En stock",
    "picture": "https://dl.airtable.com/.attachments/b987460efa04ae6903b656de4eec728e/1e6c15d7/Screenshot_2021-12-02_at_14-21-04_Riz_de_Camargue_Long_Noir_IGP_-_Canavere-removebg-preview.png?ts=1654586294&userId=usrF6kLgBaja75CMj&cs=52c28aa412016f5d"
  },
  {
    "id": "recJM9TRXmfKExqaj",
    "info": {
      "Code Produit QotQot": "FR73.0020.01309",
      "FOURNISSEUR": "Jéévro - Micro distillerie Alpine - Bio",
      "Produit": "Génépi 40°",
      "Catégorie": ["Boissons Alcoolisés"],
      "Type": ["Liqueurs/Spiritueux"],
      "Spécificité": "Au Plantes",
      "Statut": "Référencé",
      "Dispo": "En stock",
      "Prix d'achat unitaire €HT": 17.33,
      "Descriptif Produit": "Ingrédients : eau, alcool*, sucre*, genepi* (artémisa umbelliformis), plantes*\nProduits issus de l'agriculture biologique. \nLe génépi est une armoise d'altitude emblématique des Alpes.\nPour réaliser notre Génépi BIO Savoyard, nous utilisons deux variétés de Génépi. Un génépi jaune que nous allons cueillir en montagne aux alentours de 2800 mètre d’altitude qui donne un goût franc de génépi en début de bouche. Et un génépi que nous cultivons, celui-ci apporte de la fraicheur et une longueur très florale qui permet de nous différencier des autres Génépis.\nNous adoucissons notre génépi avec du sucre de canne, labellisé BIO, en faisant attention de ne pas trop sucrer pour ne pas dénaturer l’arôme de nos deux génépi.",
      "Image produits sans fond": [
        {
          "id": "atthB5SY1qqWXL9D6",
          "width": 254,
          "height": 434,
          "url": "https://dl.airtable.com/.attachments/52fd2b86fa56c8fc65a75c703353ce77/5b92dcf9/Gnpi_50cl-sansfond.png?ts=1654586294&userId=usrF6kLgBaja75CMj&cs=a1b87626f026794f",
          "filename": "Génépi_50cl-sans fond.png",
          "size": 94597,
          "type": "image/png",
          "thumbnails": {
            "small": {
              "url": "https://dl.airtable.com/.attachmentThumbnails/a828b9c8b552adbcf635de27f58fab3d/80f8c6ef?ts=1654586294&userId=usrF6kLgBaja75CMj&cs=1f692bc42f9f8f3e",
              "width": 21,
              "height": 36
            },
            "large": {
              "url": "https://dl.airtable.com/.attachmentThumbnails/44be93e2d47adaf486e0efd477c1f92b/02f13ddc?ts=1654586294&userId=usrF6kLgBaja75CMj&cs=1cf179f5439d406f",
              "width": 254,
              "height": 434
            },
            "full": {
              "url": "https://dl.airtable.com/.attachmentThumbnails/81c89d902c676efec894cc1de569423f/28b7473b?ts=1654586294&userId=usrF6kLgBaja75CMj&cs=0a01b7f206059dec",
              "width": 3000,
              "height": 3000
            }
          }
        }
      ],
      "SIQO": ["BIO"],
      "UVC - Conditionnement": "bouteille verre",
      "UVC - Poids/vol": 0.5,
      "UVC - Unité": "L",
      "Prix d'achat kg/g/L €HT": 34.66,
      "Unité d'achat(X*UV)": 6,
      "Tx TVA": 0.2,
      "Produit Pro": true,
      "Produit Particulier": true,
      "Tarif Particulier TTC": 33.273599999999995,
      "Commentaires": "Ingrédients : eau, alcool*, sucre*, genepi* (artémisa umbelliformis), plantes*\n\n*produits issus de l'agriculture biologique\n\n \n\nLe génépi est une armoise d'altitude emblématique des Alpes.\n\n \n\nPour réaliser notre Génépi BIO Savoyard,\n\nnous utilisons deux variétés de Génépi.\n\nUn génépi jaune que nous allons cueillir en montagne aux alentours de 2800 mètre d’altitude qui donne un goût franc de génépi en début de bouche.\n\nEt un génépi que nous cultivons, celui-ci apporte de la fraicheur et une longueur très florale qui permet de nous différencier des autres Génépis.\n\n \n\nCette liqueur est réputée digestive, tonique et conseillée contre les coups de froid.\n\n \n\nNous adoucissons notre génépi avec du sucre de canne, labellisé BIO, en faisant attention de ne pas trop sucrer pour ne pas dénaturer l’arôme de nos deux génépi.\n\n \n\nPour notre génépi, comme pour nos autres liqueurs ou produits distillés, nous utilisons un alcool de blé BIO, très neutre, qui permet de ne pas avoir le goût de l’alcool et de garder le goût du génépi longtemps en bouche .",
      "numéro": 1309,
      "Code Fournisseur (from Fournisseurs)": "FR73.0020",
      "Département (from Coordonnées Sociétés)": ["SAVOIE"],
      "DESIGNATION": "GÉNÉPI 40° - BIO",
      "Conditionnement": "bouteille verre 0.5 L",
      "Tarif Pro (HT)": 25.994999999999997,
      "Tarif Pro (HT) au Kg/L": 51.989999999999995,
      "Unité Vente": 1,
      "Tarif Particulier TTC Arrondi": 33.300000000000004,
      "LABEL": [
        {
          "id": "attdzLJnjcNd0rRmE",
          "width": 1335,
          "height": 606,
          "url": "https://dl.airtable.com/.attachments/0e9e633af4f109241b1f6cc70f2cb0bc/fe8d7a9e/Capture-2.png?ts=1654586294&userId=usrF6kLgBaja75CMj&cs=aea7a14f8a72c9bc",
          "filename": "Capture-2.png",
          "size": 105113,
          "type": "image/png",
          "thumbnails": {
            "small": {
              "url": "https://dl.airtable.com/.attachmentThumbnails/5e394e47a9ef364059f4dd554b2473c3/1cd419bf?ts=1654586294&userId=usrF6kLgBaja75CMj&cs=2215178bbd0704ff",
              "width": 79,
              "height": 36
            },
            "large": {
              "url": "https://dl.airtable.com/.attachmentThumbnails/e8ae48781a550c1899f42cc102006df4/47cf57c9?ts=1654586294&userId=usrF6kLgBaja75CMj&cs=0f384d2befc8856f",
              "width": 1128,
              "height": 512
            },
            "full": {
              "url": "https://dl.airtable.com/.attachmentThumbnails/4b4f2305169a6254d9ae9f526c9dedef/b11e2141?ts=1654586294&userId=usrF6kLgBaja75CMj&cs=12316e7ecbc90f2c",
              "width": 3000,
              "height": 3000
            }
          }
        }
      ],
      "Image produits avec fond": [
        {
          "id": "attQwI55Xp49hASHu",
          "width": 553,
          "height": 737,
          "url": "https://dl.airtable.com/.attachments/cc97b7a082d1d44ede4e15772d5f97bb/0e6dd806/Gnpi50cl.jpg?ts=1654586294&userId=usrF6kLgBaja75CMj&cs=12b1b9188e2529a0",
          "filename": "Génépi 50cl.jpg",
          "size": 81745,
          "type": "image/jpeg",
          "thumbnails": {
            "small": {
              "url": "https://dl.airtable.com/.attachmentThumbnails/53ea82862d5470bc6fc1aedea75a4a3c/ac53ab70?ts=1654586294&userId=usrF6kLgBaja75CMj&cs=df436f5f7a1f8e51",
              "width": 27,
              "height": 36
            },
            "large": {
              "url": "https://dl.airtable.com/.attachmentThumbnails/afc133543b4b0d9e9c2e30ca89281c5f/bf9168c2?ts=1654586294&userId=usrF6kLgBaja75CMj&cs=7b441a50d07cab79",
              "width": 512,
              "height": 682
            },
            "full": {
              "url": "https://dl.airtable.com/.attachmentThumbnails/8a3b39baf873cf6e32bdf4b7eafefb5c/a4691bfd?ts=1654586294&userId=usrF6kLgBaja75CMj&cs=7572087037811a6f",
              "width": 3000,
              "height": 3000
            }
          }
        }
      ],
      "Nom complet Produit pour formulaire de Mouvement de Stock": "bouteille verre 0.5 L-GÉNÉPI 40° - BIO//Jéévro - Micro distillerie Alpine - Bio//FR73.0020.01309",
      "Prix de vente € TTC conseillé": 32,
      "Prix de vente typeform € TTC": 36.7,
      "DESIGNATION TYPEFORM": "Génépi 40° - 0.5L - BIO // 36.70€",
      "Hypothèse 15% marge px pro": 36.69882352941176,
      "CATEGORIE/TYPE": "Boissons Alcoolisés>Liqueurs/Spiritueux",
      "Condi.": "bouteille verre\n0.5 L",
      "Disponibilité": "En stock",
      "PRODUCTEUR": "JÉÉVRO - MICRO DISTILLERIE ALPINE - BIO",
      "Spécificités": "Au Plantes",
      "Commande Fournisseurs": "FR73.0020-14/01/2022",
      "Désignation Produit": "GÉNÉPI 40° - BIO - bouteille verre 0.5 L",
      "Désignation Produit 1 ligne": "GÉNÉPI 40° - BIO - bouteille verre 0.5 L",
      "Unité de vente détaillée": "1 X 0.5 L",
      "Délais d'appro (jours) (from FOURNISSEUR)": "15",
      "Nom de la Société (from FOURNISSEUR)": "Jéévro - Micro distillerie Alpine - Bio",
      "Descriptif Producteur (from FOURNISSEUR)": "Notre micro distillerie indépendante Jeevro (qui signifie Genévrier en patois Savoyard) se trouve à 800 mètres d’altitude en Savoie dans un petit village du massif de Belledonne. Tous nos produits sont élaborés avec des plantes issues de l’agriculture écologique. Ces plantes proviennent essentiellement de nos cultures ou des récoltes sauvages que nous effectuons tout au long de l’année. C’est grâce à ce large choix de plantes que nous proposons différents produits distillés et/ou macérés. Nos méthodes de travail Paysans distillateurs, nous sommes attachés à la terre et à la montagne. Nous transformons principalement les plantes que nous cultivons ou cueillons localement. Nos alambics nous permettent de perpétuer la tradition de la distillation et des macérat, en faisant revivre le savoir et les gestes des anciens. Notre activité est peu mécanisée et nous cultivons nos plantes et nos fleurs en nous inspirant des méthodes de l’agroécologie, dans le respect du sol et de sa vie, sans engrais chimiques ni pesticides. Toute notre gamme est produite à la main, de la culture jusqu'à l’embouteillage et l'étiquetage Notre terroir Notre micro distillerie est installée en Savoie, à 800 mètres d’altitude, à La Table, dans la vallée des Huiles, au nord de la chaîne de Belledonne (Bella donna, belle dame en Italien). Les forêts et les sommets environnants, culminants à près de 3000 mètres d’altitude, nous apportent l'équilibre et l’inspiration nécessaires à la création de nos produits. Le massif de Belledonne nous procure également une eau de grande qualité ainsi qu’une multitude de fleurs et plantes aromatiques. Nos méthodes de travail Paysans distillateurs, nous sommes attachés à la terre et à la montagne. Nous transformons principalement les plantes que nous cultivons ou cueillons localement. Nos alambics nous permettent de perpétuer la tradition de la distillation et des macérat, en faisant revivre le savoir et les gestes des anciens. Notre activité est peu mécanisée et nous cultivons nos plantes et nos fleurs en nous inspirant des méthodes de l’agroécologie, dans le respect du sol et de sa vie, sans engrais chimiques ni pesticides. Toute notre gamme est produite à la main, de la culture jusqu'à l’embouteillage et l'étiquetage Notre particularité Ce métier, très complet, et notre façon de travailler nous offre un très grand nombre de possibilités. En fonction de ce que nous propose la nature et de nos envies nous partons en montagne faire de la cueillette sauvage. C'est grace à ça que nous vous proposons une gamme de produits éphémère très variable. Paysans distillateurs, le fait de produire nos plantes, nous permet d'utiliser, entre autres, des plantes fraichement cueillies au moment de la distillation. ",
      "Photos Producteurs (from FOURNISSEUR)": [
        {
          "id": "attzNViyZCv6u27VP",
          "width": 1122,
          "height": 841,
          "url": "https://dl.airtable.com/.attachments/012064b700a3a0c9e25eee603b113857/279d8c1d/MONTBeliard__Lumieres_de_Noel._Ces_douces_liqueurs_qui_fleurent_l_...?ts=1654586294&userId=usrF6kLgBaja75CMj&cs=7060e29211ff8b4e",
          "filename": "MONTBeliard__Lumieres_de_Noel._Ces_douces_liqueurs_qui_fleurent_l_...",
          "size": 283733,
          "type": "image/jpeg",
          "thumbnails": {
            "small": {
              "url": "https://dl.airtable.com/.attachmentThumbnails/fe7ba39fcc4119495397cc2793f23fd7/aaf53bc8?ts=1654586294&userId=usrF6kLgBaja75CMj&cs=f27237810b80b133",
              "width": 48,
              "height": 36
            },
            "large": {
              "url": "https://dl.airtable.com/.attachmentThumbnails/c688cbd9f65f3fbb460fd55feab1476e/9555424c?ts=1654586294&userId=usrF6kLgBaja75CMj&cs=5c042c660acec75a",
              "width": 683,
              "height": 512
            },
            "full": {
              "url": "https://dl.airtable.com/.attachmentThumbnails/5f76466185af2c0e709db6777f2cea17/b1d2fda6?ts=1654586294&userId=usrF6kLgBaja75CMj&cs=b2ff4a47b0e1ed15",
              "width": 3000,
              "height": 3000
            }
          }
        }
      ],
      "Label (from FOURNISSEUR)": ["AB"],
      "LABEL LOGO (from FOURNISSEUR)": [
        {
          "id": "atthdViQyZ14LUu8l",
          "width": 1335,
          "height": 606,
          "url": "https://dl.airtable.com/.attachments/0d38d4bd251d74a58a370972d36e2d16/bbd1e6dd/Capture-2.png?ts=1654586294&userId=usrF6kLgBaja75CMj&cs=5613e82b554bf6db",
          "filename": "Capture-2.png",
          "size": 105113,
          "type": "image/png",
          "thumbnails": {
            "small": {
              "url": "https://dl.airtable.com/.attachmentThumbnails/d29e6895f30966e9dd650c26d42c694c/528b8acc?ts=1654586294&userId=usrF6kLgBaja75CMj&cs=4a7960b96ffd4eb6",
              "width": 79,
              "height": 36
            },
            "large": {
              "url": "https://dl.airtable.com/.attachmentThumbnails/43bc2d03176c12b59a06a15126d895c5/2d781fa8?ts=1654586294&userId=usrF6kLgBaja75CMj&cs=2d8a117035c3edfd",
              "width": 1128,
              "height": 512
            },
            "full": {
              "url": "https://dl.airtable.com/.attachmentThumbnails/c10f50df2e56d08c78870d0f258cabc7/c7210777?ts=1654586294&userId=usrF6kLgBaja75CMj&cs=bd975310d2340565",
              "width": 3000,
              "height": 3000
            }
          }
        }
      ],
      "Département (from FOURNISSEUR)": ["SAVOIE"],
      "Code Postal (from FOURNISSEUR)": "73110",
      "Ville (from FOURNISSEUR)": "La Table",
      "STOCK DISPO (from Passerelle Stock vers BDD Produits/Producteurs)": "2",
      "Import CSV Shopify": "FR73.0020.01309",
      "Localisation (from FOURNISSEUR)": "73110 - LA TABLE - SAVOIE"
    },
    "name": "Génépi 40°",
    "weight": "bouteille verre 0.5 L",
    "price": "17.33",
    "pricePerKg": "34.66",
    "stock": "En stock",
    "picture": "https://dl.airtable.com/.attachments/52fd2b86fa56c8fc65a75c703353ce77/5b92dcf9/Gnpi_50cl-sansfond.png?ts=1654586294&userId=usrF6kLgBaja75CMj&cs=a1b87626f026794f"
  },
  {
    "id": "recJMRpwQXeabAd0R",
    "info": {
      "Code Produit QotQot": "ADEFINIR24.00861",
      "FOURNISSEUR": "Patrimoniam",
      "Produit": "Saucisse sèche au vin du Beaujolais 110 gr environ",
      "Catégorie": ["Charcuteries et salaisons"],
      "Type": ["Salaisons"],
      "Spécificité": "Porc",
      "Statut": "Nous consulter",
      "Dispo": "Nous consulter",
      "Prix d'achat unitaire €HT": 2.09,
      "Descriptif Produit": "Ingrédients : Maigre de porc et de bœuf, sel et poivre, ail, vin rouge, sucre de canne\nUne saucisse sèche, dont les viandes macèrent dans le beaujolais et sont enveloppées dans un menu, fin comme du papier cigarette.",
      "Image produits sans fond": [
        {
          "id": "attrkcQRBZGV6KFhG",
          "width": 672,
          "height": 371,
          "url": "https://dl.airtable.com/.attachments/c194920c8ddb06fa130c2d88911b4667/c30214e7/patrimonoiam_2-removebg-preview.png?ts=1654586294&userId=usrF6kLgBaja75CMj&cs=759a389c7df38976",
          "filename": "patrimonoiam_2-removebg-preview.png",
          "size": 160802,
          "type": "image/png",
          "thumbnails": {
            "small": {
              "url": "https://dl.airtable.com/.attachmentThumbnails/8166fd68e118dc2a6ae6b567b1dbe52d/72a9b289?ts=1654586294&userId=usrF6kLgBaja75CMj&cs=49777c43240dfdb5",
              "width": 65,
              "height": 36
            },
            "large": {
              "url": "https://dl.airtable.com/.attachmentThumbnails/80abf269d2d68c589a2849293be38c99/5c75bc8f?ts=1654586294&userId=usrF6kLgBaja75CMj&cs=92f7773cbdf5ec9b",
              "width": 672,
              "height": 371
            },
            "full": {
              "url": "https://dl.airtable.com/.attachmentThumbnails/24bfabd845a426c1fe727aaedd5e6c57/ea3b39b9?ts=1654586294&userId=usrF6kLgBaja75CMj&cs=b61be569278ac740",
              "width": 3000,
              "height": 3000
            }
          }
        }
      ],
      "SIQO": ["BIO"],
      "UVC - Conditionnement": "pièce brute",
      "UVC - Poids/vol": 110,
      "UVC - Unité": "g",
      "Prix d'achat kg/g/L €HT": 19,
      "Unité d'achat(X*UV)": 1,
      "Tx TVA": 0.055,
      "Produit Pro": true,
      "Produit Particulier": true,
      "Tarif Particulier TTC": 3.5279199999999995,
      "numéro": 861,
      "Code Fournisseur (from Fournisseurs)": "ADEFINIR24",
      "Département (from Coordonnées Sociétés)": ["RHÔNE"],
      "DESIGNATION": "SAUCISSE SÈCHE AU VIN DU BEAUJOLAIS 110 GR ENVIRON - BIO",
      "Conditionnement": "pièce brute 110 g",
      "Tarif Pro (HT)": 3.135,
      "Tarif Pro (HT) au Kg/L": 28.499999999999996,
      "Unité Vente": 1,
      "Tarif Particulier TTC Arrondi": 3.6,
      "LABEL": [
        {
          "id": "attdzLJnjcNd0rRmE",
          "width": 1335,
          "height": 606,
          "url": "https://dl.airtable.com/.attachments/0e9e633af4f109241b1f6cc70f2cb0bc/fe8d7a9e/Capture-2.png?ts=1654586294&userId=usrF6kLgBaja75CMj&cs=aea7a14f8a72c9bc",
          "filename": "Capture-2.png",
          "size": 105113,
          "type": "image/png",
          "thumbnails": {
            "small": {
              "url": "https://dl.airtable.com/.attachmentThumbnails/5e394e47a9ef364059f4dd554b2473c3/1cd419bf?ts=1654586294&userId=usrF6kLgBaja75CMj&cs=2215178bbd0704ff",
              "width": 79,
              "height": 36
            },
            "large": {
              "url": "https://dl.airtable.com/.attachmentThumbnails/e8ae48781a550c1899f42cc102006df4/47cf57c9?ts=1654586294&userId=usrF6kLgBaja75CMj&cs=0f384d2befc8856f",
              "width": 1128,
              "height": 512
            },
            "full": {
              "url": "https://dl.airtable.com/.attachmentThumbnails/4b4f2305169a6254d9ae9f526c9dedef/b11e2141?ts=1654586294&userId=usrF6kLgBaja75CMj&cs=12316e7ecbc90f2c",
              "width": 3000,
              "height": 3000
            }
          }
        }
      ],
      "Image produits avec fond": [
        {
          "id": "att72EVCSwtYhM0wk",
          "width": 800,
          "height": 442,
          "url": "https://dl.airtable.com/.attachments/2dbfe557aaf59f6662b2f4833cbbdf61/0d4f897b/saucisson-sec.jpg?ts=1654586294&userId=usrF6kLgBaja75CMj&cs=1f403523bab13c4a",
          "filename": "saucisson-sec.jpg",
          "size": 27318,
          "type": "image/jpeg",
          "thumbnails": {
            "small": {
              "url": "https://dl.airtable.com/.attachmentThumbnails/30280a978bfd3c12f95b191bfb0b7df5/a25d9f9a?ts=1654586294&userId=usrF6kLgBaja75CMj&cs=0f39fd2f6e59a767",
              "width": 65,
              "height": 36
            },
            "large": {
              "url": "https://dl.airtable.com/.attachmentThumbnails/20826f340ab35bbfc56ae438b4271499/077eb553?ts=1654586294&userId=usrF6kLgBaja75CMj&cs=2d721f51b42f249a",
              "width": 800,
              "height": 442
            },
            "full": {
              "url": "https://dl.airtable.com/.attachmentThumbnails/2e87db451b213ddc3b68c3dc882865e1/441c55fb?ts=1654586294&userId=usrF6kLgBaja75CMj&cs=39b9782f57cc2211",
              "width": 3000,
              "height": 3000
            }
          }
        }
      ],
      "Nom complet Produit pour formulaire de Mouvement de Stock": "pièce brute 110 g-SAUCISSE SÈCHE AU VIN DU BEAUJOLAIS 110 GR ENVIRON - BIO//Patrimoniam//ADEFINIR24.00861",
      "Prix de vente typeform € TTC": 5.9,
      "DESIGNATION TYPEFORM": "Saucisse sèche au vin du Beaujolais 110 gr environ - 110g - BIO // 5.90€",
      "Hypothèse 15% marge px pro": 3.891088235294117,
      "CATEGORIE/TYPE": "Charcuteries et salaisons>Salaisons",
      "Condi.": "pièce brute\n110 g",
      "Disponibilité": "Nous consulter",
      "PRODUCTEUR": "PATRIMONIAM",
      "Spécificités": "Porc",
      "Désignation Produit": "SAUCISSE SÈCHE AU VIN DU BEAUJOLAIS 110 GR ENVIRON - BIO - pièce brute 110 g",
      "Désignation Produit 1 ligne": "SAUCISSE SÈCHE AU VIN DU BEAUJOLAIS 110 GR ENVIRON - BIO - pièce brute 110 g",
      "Unité de vente détaillée": "1 X 110 g",
      "Délais d'appro (jours) (from FOURNISSEUR)": "6",
      "Nom de la Société (from FOURNISSEUR)": "Patrimoniam",
      "Descriptif Producteur (from FOURNISSEUR)": "Nous sommes Sophie, Stéphane et Frédéric, la brigade du goût! Sophie, organisatrice de réceptions pour entreprises, se charge dorénavant de la partie commerciale, administrative et financière de notre maison. Stéphane, chef de production puis directeur d’établissement en restauration, est quant à lui “l’homme clef” puisque c’est entre ses mains (ou ses couteaux!) que sont triées les viandes ensuite transformées en saucissons crus ou secs. Frédéric, c’est l’expert en marketing et fervent défenseur des bons produits. Ancré dans le monde de la gastronomie, il a tissé au fil de son parcours professionnel un réseau conséquent d’acteurs du secteur agroalimentaire. Engagés dans cette aventure où nous nous reconnaissons en tant qu’entrepreneurs, parents, mais aussi citoyen, nous avons avant tout l’envie de vous transmettre ce qui nous lie: le bon et le bien-manger!",
      "Photos Producteurs (from FOURNISSEUR)": [
        {
          "id": "attdLH8aCNnr0Tjqo",
          "width": 625,
          "height": 417,
          "url": "https://dl.airtable.com/.attachments/ed07e92eff7cb1164f1467742ef63de6/5d9ee901/Patrimonian-Portraits.jpg.webp?ts=1654586294&userId=usrF6kLgBaja75CMj&cs=9dba78d68a2e5a93",
          "filename": "Patrimonian-Portraits.jpg.webp",
          "size": 26914,
          "type": "image/webp",
          "thumbnails": {
            "small": {
              "url": "https://dl.airtable.com/.attachmentThumbnails/a63e875f98c0d373126dfd03ead9c0cf/99186dc5.png?ts=1654586294&userId=usrF6kLgBaja75CMj&cs=444c679eefb5a5d9",
              "width": 54,
              "height": 36
            },
            "large": {
              "url": "https://dl.airtable.com/.attachmentThumbnails/d315d84a8b728badd02237abde7a9788/a985be22.png?ts=1654586294&userId=usrF6kLgBaja75CMj&cs=5074890b6be35e4a",
              "width": 625,
              "height": 417
            },
            "full": {
              "url": "https://dl.airtable.com/.attachmentThumbnails/e32c8175e9a93862285db8d9b6c75c61/aba50ba0.png?ts=1654586294&userId=usrF6kLgBaja75CMj&cs=aff1ad6337b35a32",
              "width": 3000,
              "height": 3000
            }
          }
        },
        {
          "id": "attuEMVJrcML17eq3",
          "width": 800,
          "height": 442,
          "url": "https://dl.airtable.com/.attachments/6b8a94a829379a6e85453136ac8bf169/7f3d57bb/veritable-saucisson-de-lyon-bio-patrimoniam-2.jpg.webp?ts=1654586294&userId=usrF6kLgBaja75CMj&cs=36e3ffeaeb3e2d5f",
          "filename": "veritable-saucisson-de-lyon-bio-patrimoniam-2.jpg.webp",
          "size": 26744,
          "type": "image/webp",
          "thumbnails": {
            "small": {
              "url": "https://dl.airtable.com/.attachmentThumbnails/35fab90f902e2054d985fc811267f9fa/b5f6edd8.png?ts=1654586294&userId=usrF6kLgBaja75CMj&cs=23a8ec3ecfdb181c",
              "width": 65,
              "height": 36
            },
            "large": {
              "url": "https://dl.airtable.com/.attachmentThumbnails/469f589f6b21982dab360ff2ad782c42/efd1bf9c.png?ts=1654586294&userId=usrF6kLgBaja75CMj&cs=f8858c3a301a2c14",
              "width": 800,
              "height": 442
            },
            "full": {
              "url": "https://dl.airtable.com/.attachmentThumbnails/9244b2b627f8122d6f27f42ef99d9713/554006e6.png?ts=1654586294&userId=usrF6kLgBaja75CMj&cs=f0b5036f97a9802c",
              "width": 3000,
              "height": 3000
            }
          }
        },
        {
          "id": "attUUtbjQ4aQs9cz7",
          "width": 800,
          "height": 442,
          "url": "https://dl.airtable.com/.attachments/a6b8d15cda09de0368ce2697032609ae/b386848b/veritable-saucisson-de-lyon-bio-patrimoniam-5.jpg.webp?ts=1654586294&userId=usrF6kLgBaja75CMj&cs=d4e52199381bf9f5",
          "filename": "veritable-saucisson-de-lyon-bio-patrimoniam-5.jpg.webp",
          "size": 30040,
          "type": "image/webp",
          "thumbnails": {
            "small": {
              "url": "https://dl.airtable.com/.attachmentThumbnails/e16016ef355e1106ee460837895304f8/8ef9ebba.png?ts=1654586294&userId=usrF6kLgBaja75CMj&cs=05aa46272f6f27c3",
              "width": 65,
              "height": 36
            },
            "large": {
              "url": "https://dl.airtable.com/.attachmentThumbnails/64bf4acd376280c0440cb33189a89c66/d259f04d.png?ts=1654586294&userId=usrF6kLgBaja75CMj&cs=7f047cc3d6abe8b0",
              "width": 800,
              "height": 442
            },
            "full": {
              "url": "https://dl.airtable.com/.attachmentThumbnails/055b61b22b59f9a330acbf7ba1fd649c/a241c3cb.png?ts=1654586294&userId=usrF6kLgBaja75CMj&cs=92c9e3c97a6caac2",
              "width": 3000,
              "height": 3000
            }
          }
        },
        {
          "id": "att0AHDUBS0xmEO46",
          "width": 800,
          "height": 442,
          "url": "https://dl.airtable.com/.attachments/c8f35667c84fcfe642b7395a195e2c01/eb32afa4/image.jpg.webp?ts=1654586294&userId=usrF6kLgBaja75CMj&cs=86f244889e114b07",
          "filename": "image.jpg.webp",
          "size": 38996,
          "type": "image/webp",
          "thumbnails": {
            "small": {
              "url": "https://dl.airtable.com/.attachmentThumbnails/5ed37037f1e7c72ba285a0a5bdc8beda/59dc52ca.png?ts=1654586294&userId=usrF6kLgBaja75CMj&cs=3ddd20d1f05a6f82",
              "width": 65,
              "height": 36
            },
            "large": {
              "url": "https://dl.airtable.com/.attachmentThumbnails/1b78bae5686e83183ba86f6c82b974be/17734fbd.png?ts=1654586294&userId=usrF6kLgBaja75CMj&cs=7c2b2c45b4538022",
              "width": 800,
              "height": 442
            },
            "full": {
              "url": "https://dl.airtable.com/.attachmentThumbnails/8842ca9fd4b7ce4403b60e5b7d1b6827/a2188914.png?ts=1654586294&userId=usrF6kLgBaja75CMj&cs=910da8cd9dd047e4",
              "width": 3000,
              "height": 3000
            }
          }
        }
      ],
      "Label (from FOURNISSEUR)": ["AB"],
      "LABEL LOGO (from FOURNISSEUR)": [
        {
          "id": "atthdViQyZ14LUu8l",
          "width": 1335,
          "height": 606,
          "url": "https://dl.airtable.com/.attachments/0d38d4bd251d74a58a370972d36e2d16/bbd1e6dd/Capture-2.png?ts=1654586294&userId=usrF6kLgBaja75CMj&cs=5613e82b554bf6db",
          "filename": "Capture-2.png",
          "size": 105113,
          "type": "image/png",
          "thumbnails": {
            "small": {
              "url": "https://dl.airtable.com/.attachmentThumbnails/d29e6895f30966e9dd650c26d42c694c/528b8acc?ts=1654586294&userId=usrF6kLgBaja75CMj&cs=4a7960b96ffd4eb6",
              "width": 79,
              "height": 36
            },
            "large": {
              "url": "https://dl.airtable.com/.attachmentThumbnails/43bc2d03176c12b59a06a15126d895c5/2d781fa8?ts=1654586294&userId=usrF6kLgBaja75CMj&cs=2d8a117035c3edfd",
              "width": 1128,
              "height": 512
            },
            "full": {
              "url": "https://dl.airtable.com/.attachmentThumbnails/c10f50df2e56d08c78870d0f258cabc7/c7210777?ts=1654586294&userId=usrF6kLgBaja75CMj&cs=bd975310d2340565",
              "width": 3000,
              "height": 3000
            }
          }
        }
      ],
      "Département (from FOURNISSEUR)": ["RHÔNE"],
      "Code Postal (from FOURNISSEUR)": "69140",
      "Ville (from FOURNISSEUR)": "Rillieux-la-pape",
      "STOCK DISPO (from Passerelle Stock vers BDD Produits/Producteurs)": "0",
      "Import CSV Shopify": "ADEFINIR24.00861",
      "Localisation (from FOURNISSEUR)": "69140 - RILLIEUX-LA-PAPE - RHÔNE"
    },
    "name": "Saucisse sèche au vin du Beaujolais 110 gr environ",
    "weight": "pièce brute 110 g",
    "price": "2.09",
    "pricePerKg": "19.00",
    "stock": "Nous consulter",
    "picture": "https://dl.airtable.com/.attachments/c194920c8ddb06fa130c2d88911b4667/c30214e7/patrimonoiam_2-removebg-preview.png?ts=1654586294&userId=usrF6kLgBaja75CMj&cs=759a389c7df38976"
  },
  {
    "id": "recJNUSqHrs2nbRUl",
    "info": {
      "Code Produit QotQot": "FR26.0019.01321",
      "FOURNISSEUR": "Provence Alpes",
      "Produit": "Houmous",
      "Catégorie": ["Épicerie salée"],
      "Type": ["Tartinables"],
      "Spécificité": "Pois Chiche",
      "Statut": "Référencé",
      "Dispo": "En rupture",
      "Prix d'achat unitaire €HT": 1.25,
      "Descriptif Produit": "Ingrédients : Pois chiches 42,5%,crème (lait),huile de tournesol ,eau, concentré de citron, ail, cumin, conservateur : acide sorbique.",
      "Image produits sans fond": [
        {
          "id": "att0XvVHvE56K3q1r",
          "width": 493,
          "height": 506,
          "url": "https://dl.airtable.com/.attachments/b245f86745e390cbf8355783249bd884/b2e380b1/Houmous-removebg-preview.png?ts=1654586294&userId=usrF6kLgBaja75CMj&cs=908ce4d6b0cbe2dd",
          "filename": "Houmous-removebg-preview.png",
          "size": 296164,
          "type": "image/png",
          "thumbnails": {
            "small": {
              "url": "https://dl.airtable.com/.attachmentThumbnails/57bad2eda24edbe4314e69c97155469b/7de797ab?ts=1654586294&userId=usrF6kLgBaja75CMj&cs=50e49bf64b09d78f",
              "width": 35,
              "height": 36
            },
            "large": {
              "url": "https://dl.airtable.com/.attachmentThumbnails/7c698a6944e4ff307af569960a18f271/d0cd7f35?ts=1654586294&userId=usrF6kLgBaja75CMj&cs=3a55b233322264b1",
              "width": 493,
              "height": 506
            },
            "full": {
              "url": "https://dl.airtable.com/.attachmentThumbnails/2ffa27f9086e3c398a6fa81bfea6c261/2d371b18?ts=1654586294&userId=usrF6kLgBaja75CMj&cs=7198bde327956fd7",
              "width": 3000,
              "height": 3000
            }
          }
        }
      ],
      "UVC - Conditionnement": "bocal verre",
      "UVC - Poids/vol": 100,
      "UVC - Unité": "g",
      "Prix d'achat kg/g/L €HT": 12.5,
      "Unité d'achat(X*UV)": 6,
      "Tx TVA": 0.055,
      "Produit Pro": true,
      "Produit Particulier": true,
      "Tarif Particulier TTC": 2.11,
      "numéro": 1321,
      "Code Fournisseur (from Fournisseurs)": "FR26.0019",
      "Département (from Coordonnées Sociétés)": ["DRÔME"],
      "DESIGNATION": "HOUMOUS",
      "Conditionnement": "bocal verre 100 g",
      "Tarif Pro (HT)": 1.875,
      "Tarif Pro (HT) au Kg/L": 18.75,
      "Unité Vente": 1,
      "Tarif Particulier TTC Arrondi": 2.2,
      "Image produits avec fond": [
        {
          "id": "attbpyQ7Nt2SCIYrN",
          "width": 1747,
          "height": 1791,
          "url": "https://dl.airtable.com/.attachments/49289fe79d8d8bacd21aab74e74e151d/1a9e3ad2/Houmous.jpg?ts=1654586294&userId=usrF6kLgBaja75CMj&cs=16165050f5883899",
          "filename": "Houmous.jpg",
          "size": 647778,
          "type": "image/jpeg",
          "thumbnails": {
            "small": {
              "url": "https://dl.airtable.com/.attachmentThumbnails/48ed4c75fbf04fbde49762709636c3b1/116f63a2?ts=1654586294&userId=usrF6kLgBaja75CMj&cs=e355c862ba47a624",
              "width": 35,
              "height": 36
            },
            "large": {
              "url": "https://dl.airtable.com/.attachmentThumbnails/35afb4d59335bbee825467edc341dc5c/36f54ff7?ts=1654586294&userId=usrF6kLgBaja75CMj&cs=2118b61bd057b10e",
              "width": 512,
              "height": 525
            },
            "full": {
              "url": "https://dl.airtable.com/.attachmentThumbnails/6268c572d303fd7b788aab7a7cb4f3ca/a2ed3efb?ts=1654586294&userId=usrF6kLgBaja75CMj&cs=f0466d0e2819088e",
              "width": 3000,
              "height": 3000
            }
          }
        }
      ],
      "Nom complet Produit pour formulaire de Mouvement de Stock": "bocal verre 100 g-HOUMOUS//Provence Alpes//FR26.0019.01321",
      "Prix de vente typeform € TTC": 3.4,
      "DESIGNATION TYPEFORM": "Houmous - 100g -  // 3.40€",
      "Hypothèse 15% marge px pro": 2.327205882352941,
      "CATEGORIE/TYPE": "Épicerie salée>Tartinables",
      "Condi.": "bocal verre\n100 g",
      "Disponibilité": "En rupture",
      "PRODUCTEUR": "PROVENCE ALPES",
      "Spécificités": "Pois Chiche",
      "Désignation Produit": "HOUMOUS - bocal verre 100 g",
      "Désignation Produit 1 ligne": "HOUMOUS - bocal verre 100 g",
      "Unité de vente détaillée": "1 X 100 g",
      "Délais d'appro (jours) (from FOURNISSEUR)": "10",
      "Nom de la Société (from FOURNISSEUR)": "Provence Alpes",
      "Descriptif Producteur (from FOURNISSEUR)": "Provence Alpes   L’histoire de Provence Alpes débute avec Monsieur Claude DIEMOZ qui a œuvré au niveau national à la création de l’Institut ITEIPMAI. Également producteur de plantes aromatiques, il a créé la société GEL’PAM (1992), dont l’activité est la surgélation de plantes aromatiques cultivées en Drôme (premier département Français producteur de plantes aromatiques).  La société Provence Alpes est implantée au cœur de la Drôme depuis plus de 20 ans. Son objectif est d’élaborer les meilleures sauces et aides culinaires afin de satisfaire au mieux les exigences de ses clients. Ses produits sont réalisés à partir de matières premières, rigoureusement sélectionnées et en privilégiant les origines locales du premier département Français producteur de plantes aromatiques. La satisfaction des clients est une priorité pour Provence Alpes. Pour ce faire, l’entreprise fait preuve d’une grande réactivité face à la demande. Forte de son expérience en matière de création de recettes, la société Provence Alpes est à même de vous proposer une large gamme de produits. Elle peut vous aider à élaborer et fabriquer vos propres formules et à adapter des recettes à vos besoins.",
      "Photos Producteurs (from FOURNISSEUR)": [
        {
          "id": "attRVuNQ27ZQ1h630",
          "width": 450,
          "height": 332,
          "url": "https://dl.airtable.com/.attachments/71d722d4f2004abe534ec162be51abd2/cce3870b/CDIEMOZ.png?ts=1654586294&userId=usrF6kLgBaja75CMj&cs=d815af8bf708af02",
          "filename": "CDIEMOZ.png",
          "size": 333867,
          "type": "image/png",
          "thumbnails": {
            "small": {
              "url": "https://dl.airtable.com/.attachmentThumbnails/104b46b4147bd61450a405fbeef809b3/e94b27d9?ts=1654586294&userId=usrF6kLgBaja75CMj&cs=d09556c9e0d64dd3",
              "width": 49,
              "height": 36
            },
            "large": {
              "url": "https://dl.airtable.com/.attachmentThumbnails/ad310d2e471214c1c6d78c12cbb15657/ec767575?ts=1654586294&userId=usrF6kLgBaja75CMj&cs=0a89f85a99730bc2",
              "width": 450,
              "height": 332
            },
            "full": {
              "url": "https://dl.airtable.com/.attachmentThumbnails/720280978ef0b142a25e24a3d7ddd97d/d83adc28?ts=1654586294&userId=usrF6kLgBaja75CMj&cs=d50b9fb9662c7558",
              "width": 3000,
              "height": 3000
            }
          }
        }
      ],
      "Label (from FOURNISSEUR)": ["AB"],
      "LABEL LOGO (from FOURNISSEUR)": [
        {
          "id": "atthdViQyZ14LUu8l",
          "width": 1335,
          "height": 606,
          "url": "https://dl.airtable.com/.attachments/0d38d4bd251d74a58a370972d36e2d16/bbd1e6dd/Capture-2.png?ts=1654586294&userId=usrF6kLgBaja75CMj&cs=5613e82b554bf6db",
          "filename": "Capture-2.png",
          "size": 105113,
          "type": "image/png",
          "thumbnails": {
            "small": {
              "url": "https://dl.airtable.com/.attachmentThumbnails/d29e6895f30966e9dd650c26d42c694c/528b8acc?ts=1654586294&userId=usrF6kLgBaja75CMj&cs=4a7960b96ffd4eb6",
              "width": 79,
              "height": 36
            },
            "large": {
              "url": "https://dl.airtable.com/.attachmentThumbnails/43bc2d03176c12b59a06a15126d895c5/2d781fa8?ts=1654586294&userId=usrF6kLgBaja75CMj&cs=2d8a117035c3edfd",
              "width": 1128,
              "height": 512
            },
            "full": {
              "url": "https://dl.airtable.com/.attachmentThumbnails/c10f50df2e56d08c78870d0f258cabc7/c7210777?ts=1654586294&userId=usrF6kLgBaja75CMj&cs=bd975310d2340565",
              "width": 3000,
              "height": 3000
            }
          }
        }
      ],
      "Département (from FOURNISSEUR)": ["DRÔME"],
      "Code Postal (from FOURNISSEUR)": "26270",
      "Ville (from FOURNISSEUR)": "Saulce sur Rhône",
      "STOCK DISPO (from Passerelle Stock vers BDD Produits/Producteurs)": "0",
      "Import CSV Shopify": "FR26.0019.01321",
      "Localisation (from FOURNISSEUR)": "26270 - SAULCE SUR RHÔNE - DRÔME"
    },
    "name": "Houmous",
    "weight": "bocal verre 100 g",
    "price": "1.25",
    "pricePerKg": "12.50",
    "stock": "En rupture",
    "picture": "https://dl.airtable.com/.attachments/b245f86745e390cbf8355783249bd884/b2e380b1/Houmous-removebg-preview.png?ts=1654586294&userId=usrF6kLgBaja75CMj&cs=908ce4d6b0cbe2dd"
  },
  {
    "id": "recJUQC09N0cK5rco",
    "info": {
      "Code Produit QotQot": "FR26.0008.01032",
      "FOURNISSEUR": "Vignolis",
      "Produit": "Affinade d'olives noires de nyons",
      "Catégorie": ["Épicerie salée"],
      "Type": ["Condiments"],
      "Spécificité": "Olives",
      "Statut": "Référencé",
      "Dispo": "En stock",
      "Prix d'achat unitaire €HT": 2.85,
      "Descriptif Produit": "Ingrédients :  Pulpe d’olives noires de Nyons AOP (90%), huile d’olive de Nyons AOP (10%).\nEn toast, pour l'apéritif, étalée sur des tranches de pain grillées encore chaudes.\nEn accompagnement des salades de crudités diverses, viandes froides, poissons au court-bouillon.\nUne délicieuse préparation 100% olive...à utiliser comme une tapenade ! Goûtez vite ce régal pure olive. \nA conserver au frais après ouverture et à consommer rapidement.",
      "Image produits sans fond": [
        {
          "id": "atty58pj4Q6tIJ2zI",
          "width": 250,
          "height": 266,
          "url": "https://dl.airtable.com/.attachments/1d0ac75ad03135671ab483e07de26abc/5952bc59/Affinade-A-250x266-removebg-preview.png?ts=1654586294&userId=usrF6kLgBaja75CMj&cs=95555752725eba88",
          "filename": "Affinade-A-250x266-removebg-preview.png",
          "size": 49723,
          "type": "image/png",
          "thumbnails": {
            "small": {
              "url": "https://dl.airtable.com/.attachmentThumbnails/3f3ac89f653840b3fd3f22f3faa33065/8d5045df?ts=1654586294&userId=usrF6kLgBaja75CMj&cs=4fbb2b647f019e53",
              "width": 34,
              "height": 36
            },
            "large": {
              "url": "https://dl.airtable.com/.attachmentThumbnails/09e1ab99c7d4c419d6f075205d4d4b52/eaecc287?ts=1654586294&userId=usrF6kLgBaja75CMj&cs=ce1a12eca92f76ee",
              "width": 250,
              "height": 266
            },
            "full": {
              "url": "https://dl.airtable.com/.attachmentThumbnails/71cca5e3575767b2b31bd36b7c888877/e80923bc?ts=1654586294&userId=usrF6kLgBaja75CMj&cs=d4fe459b780931b4",
              "width": 3000,
              "height": 3000
            }
          }
        }
      ],
      "EAN 13": { "text": "3261414755017" },
      "SIQO": ["AOP"],
      "Référence Fournisseur": "475501",
      "DDM (mois)": 36,
      "UVC - Conditionnement": "bocal verre",
      "UVC - Poids/vol": 100,
      "UVC - Unité": "g",
      "Prix d'achat kg/g/L €HT": 28.5,
      "Unité d'achat(X*UV)": 12,
      "Tx TVA": 0.055,
      "Produit Pro": true,
      "Produit Particulier": true,
      "Tarif Particulier TTC": 4.8108,
      "numéro": 1032,
      "Code Fournisseur (from Fournisseurs)": "FR26.0008",
      "Département (from Coordonnées Sociétés)": ["DRÔME"],
      "Franco €": "€500",
      "DESIGNATION": "AFFINADE D'OLIVES NOIRES DE NYONS - AOP",
      "Conditionnement": "bocal verre 100 g",
      "Tarif Pro (HT)": 4.275,
      "Tarif Pro (HT) au Kg/L": 42.75,
      "Unité Vente": 1,
      "Tarif Particulier TTC Arrondi": 4.9,
      "LABEL": [
        {
          "id": "attnJWGD2dhdFb0Yh",
          "width": 591,
          "height": 591,
          "url": "https://dl.airtable.com/.attachments/81d36563e7bc230a6bf14bef7e31d1f9/351b3f72/b868307d?ts=1654586294&userId=usrF6kLgBaja75CMj&cs=a7fd13bde17016f7",
          "filename": "b868307d",
          "size": 17507,
          "type": "image/png",
          "thumbnails": {
            "small": {
              "url": "https://dl.airtable.com/.attachmentThumbnails/1545144b263dfaa9cbb65eb7b8bc4279/774ca670?ts=1654586294&userId=usrF6kLgBaja75CMj&cs=e523324a7d4dc30c",
              "width": 36,
              "height": 36
            },
            "large": {
              "url": "https://dl.airtable.com/.attachmentThumbnails/18b01ca727da934c69fcb9e639abe8f0/cd9df635?ts=1654586294&userId=usrF6kLgBaja75CMj&cs=83f43bb9b4c7cebc",
              "width": 512,
              "height": 512
            },
            "full": {
              "url": "https://dl.airtable.com/.attachmentThumbnails/822e29f05be848dd98ed47b90e5359e1/ced0766c?ts=1654586294&userId=usrF6kLgBaja75CMj&cs=0a795a770df10281",
              "width": 3000,
              "height": 3000
            }
          }
        }
      ],
      "Image produits avec fond": [
        {
          "id": "att4osXjo8b3aD1dp",
          "width": 250,
          "height": 266,
          "url": "https://dl.airtable.com/.attachments/4d185ea79abd8ced1db93c115f4b11c7/eb055f67/Affinade-A-250x266.jpg?ts=1654586294&userId=usrF6kLgBaja75CMj&cs=44578615e65fd4a0",
          "filename": "Affinade-A-250x266.jpg",
          "size": 24196,
          "type": "image/jpeg",
          "thumbnails": {
            "small": {
              "url": "https://dl.airtable.com/.attachmentThumbnails/2793800b6b928f46abeb3aa9123e71a8/73a1014f?ts=1654586294&userId=usrF6kLgBaja75CMj&cs=c58e735253c83e94",
              "width": 34,
              "height": 36
            },
            "large": {
              "url": "https://dl.airtable.com/.attachmentThumbnails/4f4ccef7e7c70683c86f3b4fcacfcf19/d2ee3ba8?ts=1654586294&userId=usrF6kLgBaja75CMj&cs=be4f366c6827aa71",
              "width": 250,
              "height": 266
            },
            "full": {
              "url": "https://dl.airtable.com/.attachmentThumbnails/9f4091f8aa8fc818cee4f7b8c37983b2/fc47f77a?ts=1654586294&userId=usrF6kLgBaja75CMj&cs=b70fed634d16b3c8",
              "width": 3000,
              "height": 3000
            }
          }
        }
      ],
      "Nom complet Produit pour formulaire de Mouvement de Stock": "bocal verre 100 g-AFFINADE D'OLIVES NOIRES DE NYONS - AOP//Vignolis//FR26.0008.01032",
      "Prix de vente € TTC conseillé": 4.85,
      "Prix de vente typeform € TTC": 5.4,
      "DESIGNATION TYPEFORM": "Affinade d'olives noires de nyons - 100g - AOP // 5.40€",
      "Hypothèse 15% marge px pro": 5.306029411764706,
      "CATEGORIE/TYPE": "Épicerie salée>Condiments",
      "Condi.": "bocal verre\n100 g",
      "Disponibilité": "En stock",
      "PRODUCTEUR": "VIGNOLIS",
      "Spécificités": "Olives",
      "Commande Fournisseurs": "FR26.0008-04/04/2022",
      "Désignation Produit": "AFFINADE D'OLIVES NOIRES DE NYONS - AOP - bocal verre 100 g",
      "Désignation Produit 1 ligne": "AFFINADE D'OLIVES NOIRES DE NYONS - AOP - bocal verre 100 g",
      "Unité de vente détaillée": "1 X 100 g",
      "Délais d'appro (jours) (from FOURNISSEUR)": "10",
      "Nom de la Société (from FOURNISSEUR)": "Vignolis",
      "Descriptif Producteur (from FOURNISSEUR)": "Vignolis, la coopérative du Nyonsais produit de l'huile d'olive AOP de Nyons, des olives noires et du vin sous les marques Nyonsolive et la Nyonsaise. Les produits de la coopérative du Nyonsais sont issus du terroir à forte notoriété et sont mis en valeur par les hommes et les femmes qui ont un savoir faire transmis depuis des générations.",
      "Photos Producteurs (from FOURNISSEUR)": [
        {
          "id": "att1gHGRpecDCMWCR",
          "width": 460,
          "height": 310,
          "url": "https://dl.airtable.com/.attachments/7d27ba6e3db32572f6fefa8a61039745/c0fd2f22/olives-olives-noires-nyons3.jpg?ts=1654586294&userId=usrF6kLgBaja75CMj&cs=726fff7e75214620",
          "filename": "olives-olives-noires-nyons3.jpg",
          "size": 125139,
          "type": "image/jpeg",
          "thumbnails": {
            "small": {
              "url": "https://dl.airtable.com/.attachmentThumbnails/58db4b6fa68aa5a10be23153d398dea8/b5047a47?ts=1654586294&userId=usrF6kLgBaja75CMj&cs=98057efafc3fb77c",
              "width": 53,
              "height": 36
            },
            "large": {
              "url": "https://dl.airtable.com/.attachmentThumbnails/35e9c9d9cd2aff3dfd1175b3dbed04c7/eb0b1a33?ts=1654586294&userId=usrF6kLgBaja75CMj&cs=d9ab28d44c8891c9",
              "width": 460,
              "height": 310
            },
            "full": {
              "url": "https://dl.airtable.com/.attachmentThumbnails/e47aa46a13721df247d28bbdb2041541/9dffe3d3?ts=1654586294&userId=usrF6kLgBaja75CMj&cs=67a0322d03cb6452",
              "width": 3000,
              "height": 3000
            }
          }
        },
        {
          "id": "attucUlsIHDO2K3c5",
          "width": 480,
          "height": 640,
          "url": "https://dl.airtable.com/.attachments/59bc59b9fb66b4dd7eae9a4cf24ffb07/e375aaa6/141672258_1959232387547898_6597006085280017066_n.jpg?ts=1654586294&userId=usrF6kLgBaja75CMj&cs=28035475d126b95d",
          "filename": "141672258_1959232387547898_6597006085280017066_n.jpg",
          "size": 88549,
          "type": "image/jpeg",
          "thumbnails": {
            "small": {
              "url": "https://dl.airtable.com/.attachmentThumbnails/3b15df60f15eb2feae4ad46d949943cc/16acc9d5?ts=1654586294&userId=usrF6kLgBaja75CMj&cs=bafe73babb61e701",
              "width": 27,
              "height": 36
            },
            "large": {
              "url": "https://dl.airtable.com/.attachmentThumbnails/66746bfcc913e9bd0c6c83fa2e3bdfbd/1b365fbd?ts=1654586294&userId=usrF6kLgBaja75CMj&cs=8ab767f088509456",
              "width": 480,
              "height": 640
            },
            "full": {
              "url": "https://dl.airtable.com/.attachmentThumbnails/219b2b3e1dcd0e704bbb75e4ac2caca2/d3e643ac?ts=1654586294&userId=usrF6kLgBaja75CMj&cs=c1d754deb309e174",
              "width": 3000,
              "height": 3000
            }
          }
        }
      ],
      "Label (from FOURNISSEUR)": ["AB", "AOC"],
      "LABEL LOGO (from FOURNISSEUR)": [
        {
          "id": "attrXn9J8e8CA1NBt",
          "width": 1335,
          "height": 606,
          "url": "https://dl.airtable.com/.attachments/689bb3656fa3006bd91e01d91e2aa493/361514ba/Capture-2.png?ts=1654586294&userId=usrF6kLgBaja75CMj&cs=deb96ec5f0d0f59a",
          "filename": "Capture-2.png",
          "size": 105113,
          "type": "image/png",
          "thumbnails": {
            "small": {
              "url": "https://dl.airtable.com/.attachmentThumbnails/ead799c5e888fb8add245a9b161809de/3ca6b05a?ts=1654586294&userId=usrF6kLgBaja75CMj&cs=29c00910229d2958",
              "width": 79,
              "height": 36
            },
            "large": {
              "url": "https://dl.airtable.com/.attachmentThumbnails/bda12d5ed1ecf6e6bfbc2833344e1b44/95cdab52?ts=1654586294&userId=usrF6kLgBaja75CMj&cs=1dd557b062fe18b7",
              "width": 1128,
              "height": 512
            },
            "full": {
              "url": "https://dl.airtable.com/.attachmentThumbnails/bc688134a64489a5375a06e6cb54423e/991e7526?ts=1654586294&userId=usrF6kLgBaja75CMj&cs=ba86633d6c1fff90",
              "width": 3000,
              "height": 3000
            }
          }
        },
        {
          "id": "attyDoGYO5TavMw5k",
          "width": 600,
          "height": 600,
          "url": "https://dl.airtable.com/.attachments/ec17562acc9040df6e6089ec1330cc1b/f9ed9676/Logo-AOC-AOP_image_full.png?ts=1654586294&userId=usrF6kLgBaja75CMj&cs=8faac9dd1b951b4e",
          "filename": "Logo-AOC-AOP_image_full.png",
          "size": 1442978,
          "type": "image/png",
          "thumbnails": {
            "small": {
              "url": "https://dl.airtable.com/.attachmentThumbnails/93cc24fa8e331cff5dd904d22b23d1d8/10f49090?ts=1654586294&userId=usrF6kLgBaja75CMj&cs=f5efc6167bf39293",
              "width": 36,
              "height": 36
            },
            "large": {
              "url": "https://dl.airtable.com/.attachmentThumbnails/dfc02df062f8eaa4f5559fa1a76d74e7/beb57e73?ts=1654586294&userId=usrF6kLgBaja75CMj&cs=86a7e5a2082791e1",
              "width": 512,
              "height": 512
            },
            "full": {
              "url": "https://dl.airtable.com/.attachmentThumbnails/41571dbc4ad5cacbb09b4343771f9896/7b036f39?ts=1654586294&userId=usrF6kLgBaja75CMj&cs=7aa6c2305c5d9c3b",
              "width": 3000,
              "height": 3000
            }
          }
        }
      ],
      "Département (from FOURNISSEUR)": ["DRÔME"],
      "Code Postal (from FOURNISSEUR)": "26110",
      "Ville (from FOURNISSEUR)": "NYONS",
      "STOCK DISPO (from Passerelle Stock vers BDD Produits/Producteurs)": "11",
      "Import CSV Shopify": "FR26.0008.01032",
      "Localisation (from FOURNISSEUR)": "26110 - NYONS - DRÔME"
    },
    "name": "Affinade d'olives noires de nyons",
    "weight": "bocal verre 100 g",
    "price": "2.85",
    "pricePerKg": "28.50",
    "stock": "En stock",
    "picture": "https://dl.airtable.com/.attachments/1d0ac75ad03135671ab483e07de26abc/5952bc59/Affinade-A-250x266-removebg-preview.png?ts=1654586294&userId=usrF6kLgBaja75CMj&cs=95555752725eba88"
  },
  {
    "id": "recJoC9otg4vWcOAN",
    "info": {
      "Code Produit QotQot": "FR03.0015.00413",
      "FOURNISSEUR": "EARL Landrieaux",
      "Produit": "Farine de Seigle",
      "Catégorie": ["Céréales et produits de boulangerie"],
      "Type": ["Céréales"],
      "Spécificité": "Farine",
      "Statut": "Référencé",
      "Dispo": "En stock",
      "Prix d'achat unitaire €HT": 3,
      "Descriptif Produit": "x",
      "Image produits sans fond": [
        {
          "id": "attwN7S1UztwAc2VK",
          "width": 433,
          "height": 577,
          "url": "https://dl.airtable.com/.attachments/c9bc7a2b62ef2eabe5a4ff8eaf7d6952/6edde5c1/Farine_Seigle-removebg-preview1.png?ts=1654586294&userId=usrF6kLgBaja75CMj&cs=863ef6c19367ad08",
          "filename": "Farine_Seigle-removebg-preview(1).png",
          "size": 148750,
          "type": "image/png",
          "thumbnails": {
            "small": {
              "url": "https://dl.airtable.com/.attachmentThumbnails/24f7917859395b26e170afd99db968db/d4238506?ts=1654586294&userId=usrF6kLgBaja75CMj&cs=89e5a2ac7442e37e",
              "width": 27,
              "height": 36
            },
            "large": {
              "url": "https://dl.airtable.com/.attachmentThumbnails/0765a0458e744fb67a5bb66e6e92c0e0/5d9a138b?ts=1654586294&userId=usrF6kLgBaja75CMj&cs=826dfea5b9ecc38e",
              "width": 433,
              "height": 577
            },
            "full": {
              "url": "https://dl.airtable.com/.attachmentThumbnails/0a00116e44e063ab5d73edb610a75505/bc1b0fa3?ts=1654586294&userId=usrF6kLgBaja75CMj&cs=ae52ac637febec80",
              "width": 3000,
              "height": 3000
            }
          }
        }
      ],
      "UVC - Conditionnement": "sachet",
      "UVC - Poids/vol": 1,
      "UVC - Unité": "kg",
      "Prix d'achat kg/g/L €HT": 3,
      "Unité d'achat(X*UV)": 1,
      "Tx TVA": 0.055,
      "Produit Pro": true,
      "Produit Particulier": true,
      "Tarif Particulier TTC": 5.064,
      "numéro": 413,
      "Code Fournisseur (from Fournisseurs)": "FR03.0015",
      "Département (from Coordonnées Sociétés)": ["ALLIER"],
      "DESIGNATION": "FARINE DE SEIGLE",
      "Conditionnement": "sachet 1 kg",
      "Tarif Pro (HT)": 4.5,
      "Tarif Pro (HT) au Kg/L": 4.5,
      "Unité Vente": 1,
      "Tarif Particulier TTC Arrondi": 5.1000000000000005,
      "Image produits avec fond": [
        {
          "id": "attZtxq12KtdbL6Xu",
          "width": 1030,
          "height": 773,
          "url": "https://dl.airtable.com/.attachments/4083a3291e38cec16c019c52352be610/79f65083/FarineSeigle.jpg?ts=1654586294&userId=usrF6kLgBaja75CMj&cs=608b26e1e95f2567",
          "filename": "Farine Seigle.jpg",
          "size": 147632,
          "type": "image/jpeg",
          "thumbnails": {
            "small": {
              "url": "https://dl.airtable.com/.attachmentThumbnails/b6f2f700932e4d2997ae69d7a32f0d5f/21d8290a?ts=1654586294&userId=usrF6kLgBaja75CMj&cs=974167c469298827",
              "width": 27,
              "height": 36
            },
            "large": {
              "url": "https://dl.airtable.com/.attachmentThumbnails/34f27e1636b55e92b0138f885e75c310/bffb42d8?ts=1654586294&userId=usrF6kLgBaja75CMj&cs=e8785788cd907e30",
              "width": 512,
              "height": 682
            },
            "full": {
              "url": "https://dl.airtable.com/.attachmentThumbnails/66a7ac25afb3a3ec959f00bea7b9d118/0666c5db?ts=1654586294&userId=usrF6kLgBaja75CMj&cs=04c581c090789d3a",
              "width": 3000,
              "height": 3000
            }
          }
        }
      ],
      "Nom complet Produit pour formulaire de Mouvement de Stock": "sachet 1 kg-FARINE DE SEIGLE//EARL Landrieaux//FR03.0015.00413",
      "Prix de vente typeform € TTC": 5.6,
      "DESIGNATION TYPEFORM": "Farine de Seigle - 1kg -  // 5.60€",
      "Hypothèse 15% marge px pro": 5.5852941176470585,
      "CATEGORIE/TYPE": "Céréales et produits de boulangerie>Céréales",
      "Condi.": "sachet\n1 kg",
      "Disponibilité": "En stock",
      "PRODUCTEUR": "EARL LANDRIEAUX",
      "Spécificités": "Farine",
      "Désignation Produit": "FARINE DE SEIGLE - sachet 1 kg",
      "Désignation Produit 1 ligne": "FARINE DE SEIGLE - sachet 1 kg",
      "Unité de vente détaillée": "1 X 1 kg",
      "Délais d'appro (jours) (from FOURNISSEUR)": "15",
      "Nom de la Société (from FOURNISSEUR)": "EARL Landrieaux",
      "Descriptif Producteur (from FOURNISSEUR)": "100 % céréales de la ferme écrasée à la meule de pierre pour une farine de qualité et un goût authentique Pâtes séchées très lentement (environ 20 heures) pour conserver les qualités gustatives et nutritionnelles",
      "Photos Producteurs (from FOURNISSEUR)": [
        {
          "id": "attN0mQpwUbUrf5L6",
          "width": 1200,
          "height": 800,
          "url": "https://dl.airtable.com/.attachments/e2576968b198c578aebfafe7935237ab/18e09d4d/la-vie-rurale-a-l-earl-landrieaux-a-louchy-montfand-ble-fari_4799520.jpeg?ts=1654586294&userId=usrF6kLgBaja75CMj&cs=532a4232647b5802",
          "filename": "la-vie-rurale-a-l-earl-landrieaux-a-louchy-montfand-ble-fari_4799520.jpeg",
          "size": 158251,
          "type": "image/jpeg",
          "thumbnails": {
            "small": {
              "url": "https://dl.airtable.com/.attachmentThumbnails/757ec0565b752c1c667d59ce30046de9/3ff4cd86?ts=1654586294&userId=usrF6kLgBaja75CMj&cs=b558d864076a6db6",
              "width": 54,
              "height": 36
            },
            "large": {
              "url": "https://dl.airtable.com/.attachmentThumbnails/94f450b1953d5e610e57a943dab6adcc/3aeda7f5?ts=1654586294&userId=usrF6kLgBaja75CMj&cs=68a9de3ca3a6efd3",
              "width": 768,
              "height": 512
            },
            "full": {
              "url": "https://dl.airtable.com/.attachmentThumbnails/9b69eeb700e46d1de69dbf528ba86da4/b991ebb5?ts=1654586294&userId=usrF6kLgBaja75CMj&cs=00cb62b88907d64e",
              "width": 3000,
              "height": 3000
            }
          }
        }
      ],
      "Label (from FOURNISSEUR)": ["La région du goût"],
      "LABEL LOGO (from FOURNISSEUR)": [
        {
          "id": "att00CpbJDmobHibi",
          "width": 800,
          "height": 800,
          "url": "https://dl.airtable.com/.attachments/29b77a8bbbdea8886f6d92fe8acd2c45/079ba2af/logos_La_region_du_Gout-03.jpg?ts=1654586294&userId=usrF6kLgBaja75CMj&cs=32a95b018ac3f554",
          "filename": "logos_La_region_du_Gout-03.jpg",
          "size": 70362,
          "type": "image/jpeg",
          "thumbnails": {
            "small": {
              "url": "https://dl.airtable.com/.attachmentThumbnails/306061d7cc3ed7de82c1ca15d0df0789/62804379?ts=1654586294&userId=usrF6kLgBaja75CMj&cs=b39cfd205336a91e",
              "width": 36,
              "height": 36
            },
            "large": {
              "url": "https://dl.airtable.com/.attachmentThumbnails/d9105bb7f8fb22fce5080f55fd8ee3a0/327e9284?ts=1654586294&userId=usrF6kLgBaja75CMj&cs=2540ad81aeb58020",
              "width": 512,
              "height": 512
            },
            "full": {
              "url": "https://dl.airtable.com/.attachmentThumbnails/762bbbcf574ed19ffc019a7d533f40f8/66b0d459?ts=1654586294&userId=usrF6kLgBaja75CMj&cs=a02edf4502c61df1",
              "width": 3000,
              "height": 3000
            }
          }
        }
      ],
      "Département (from FOURNISSEUR)": ["ALLIER"],
      "Code Postal (from FOURNISSEUR)": "03500",
      "Ville (from FOURNISSEUR)": " LOUCHY MONTFAND",
      "STOCK DISPO (from Passerelle Stock vers BDD Produits/Producteurs)": "10",
      "Import CSV Shopify": "FR03.0015.00413",
      "Localisation (from FOURNISSEUR)": "03500 -  LOUCHY MONTFAND - ALLIER"
    },
    "name": "Farine de Seigle",
    "weight": "sachet 1 kg",
    "price": "3.00",
    "pricePerKg": "3.00",
    "stock": "En stock",
    "picture": "https://dl.airtable.com/.attachments/c9bc7a2b62ef2eabe5a4ff8eaf7d6952/6edde5c1/Farine_Seigle-removebg-preview1.png?ts=1654586294&userId=usrF6kLgBaja75CMj&cs=863ef6c19367ad08"
  },
  {
    "id": "recJuXsyEFmDYmDHE",
    "info": {
      "Code Produit QotQot": "FR69.0011.00982",
      "FOURNISSEUR": "Venandi",
      "Produit": "Terrine de Cerf Trompettes de la mort et Noisette",
      "Catégorie": ["Charcuteries et salaisons"],
      "Type": ["Terrines"],
      "Spécificité": "Cerf",
      "Statut": "Référencé",
      "Dispo": "En stock",
      "Prix d'achat unitaire €HT": 4.5,
      "Descriptif Produit": "Ingrédients : Viande de cerf (50%), gorge de porc, trompettes (4%) noisettes, (2%),  foie de porc, lard, sel, vin rouge, ail, oignon et thym.\nCette terrine est composée de 50% de viande de cerf sauvage français. Le cerf est une viande maigre et saine qui est considérée comme “légère” car 25 fois moins grasse que le bœuf. Elle est riche en potassium, fer et phosphore. Les trompettes de la mort avec leur goût fin et délicat viennent accompagner cette viande au goût intense. La noisette quant à elle apporte son goût subtil et son croquant",
      "Image produits sans fond": [
        {
          "id": "attQwRS4G7dr2sGao",
          "width": 384,
          "height": 349,
          "url": "https://dl.airtable.com/.attachments/590cc5e932913e0d1f32e76d61b35de0/86c166b7/terrine_cerf_sauvage_trompettes_mort_noisettes-removebg-preview.png?ts=1654586294&userId=usrF6kLgBaja75CMj&cs=bae18470906a5f1f",
          "filename": "terrine_cerf_sauvage_trompettes_mort_noisettes-removebg-preview.png",
          "size": 119261,
          "type": "image/png",
          "thumbnails": {
            "small": {
              "url": "https://dl.airtable.com/.attachmentThumbnails/831f9b66c41a07db7e9bc05992e4de89/56ef9085?ts=1654586294&userId=usrF6kLgBaja75CMj&cs=7daf6d2c77add110",
              "width": 40,
              "height": 36
            },
            "large": {
              "url": "https://dl.airtable.com/.attachmentThumbnails/e7468e5ceb856b1dc7078746852b69a7/494ed8c5?ts=1654586294&userId=usrF6kLgBaja75CMj&cs=392f9e37725d933f",
              "width": 384,
              "height": 349
            },
            "full": {
              "url": "https://dl.airtable.com/.attachmentThumbnails/19bb41bc7ca513b169934cca9bfc0419/02858a5d?ts=1654586294&userId=usrF6kLgBaja75CMj&cs=c57bb8e35535839b",
              "width": 3000,
              "height": 3000
            }
          }
        }
      ],
      "UVC - Conditionnement": "bocal verre",
      "UVC - Poids/vol": 180,
      "UVC - Unité": "g",
      "Prix d'achat kg/g/L €HT": 25,
      "Unité d'achat(X*UV)": 12,
      "Tx TVA": 0.055,
      "Produit Pro": true,
      "Produit Particulier": true,
      "Tarif Particulier TTC": 7.596,
      "numéro": 982,
      "Code Fournisseur (from Fournisseurs)": "FR69.0011",
      "Département (from Coordonnées Sociétés)": ["RHÔNE"],
      "DESIGNATION": "TERRINE DE CERF TROMPETTES DE LA MORT ET NOISETTE",
      "Conditionnement": "bocal verre 180 g",
      "Tarif Pro (HT)": 6.75,
      "Tarif Pro (HT) au Kg/L": 37.5,
      "Unité Vente": 1,
      "Tarif Particulier TTC Arrondi": 7.6000000000000005,
      "Image produits avec fond": [
        {
          "id": "attBYvYRy5L5GlS5w",
          "width": 800,
          "height": 800,
          "url": "https://dl.airtable.com/.attachments/c47b3b99350c175958d2e64f127c60d2/dfe7b359/terrine_cerf_sauvage_trompettes_mort_noisettes.jpg?ts=1654586294&userId=usrF6kLgBaja75CMj&cs=0489a353daabb1b9",
          "filename": "terrine_cerf_sauvage_trompettes_mort_noisettes.jpg",
          "size": 98523,
          "type": "image/jpeg",
          "thumbnails": {
            "small": {
              "url": "https://dl.airtable.com/.attachmentThumbnails/b0996cfa24464433819486aaada213db/7697a97f?ts=1654586294&userId=usrF6kLgBaja75CMj&cs=73e02b7c848d9c60",
              "width": 36,
              "height": 36
            },
            "large": {
              "url": "https://dl.airtable.com/.attachmentThumbnails/3f15cd165658ac7657b1231b0ca4ca78/2ddd49c2?ts=1654586294&userId=usrF6kLgBaja75CMj&cs=03d627e441d3fe73",
              "width": 512,
              "height": 512
            },
            "full": {
              "url": "https://dl.airtable.com/.attachmentThumbnails/cc49ae6435c8f37ced7561bb6e540cbc/466f2dee?ts=1654586294&userId=usrF6kLgBaja75CMj&cs=5abf3b08b54a4380",
              "width": 3000,
              "height": 3000
            }
          }
        }
      ],
      "Nom complet Produit pour formulaire de Mouvement de Stock": "bocal verre 180 g-TERRINE DE CERF TROMPETTES DE LA MORT ET NOISETTE//Venandi//FR69.0011.00982",
      "Prix de vente € TTC conseillé": 9,
      "Prix de vente typeform € TTC": 8.4,
      "DESIGNATION TYPEFORM": "Terrine de Cerf Trompettes de la mort et Noisette - 180g -  // 8.40€",
      "Hypothèse 15% marge px pro": 8.377941176470587,
      "CATEGORIE/TYPE": "Charcuteries et salaisons>Terrines",
      "Condi.": "bocal verre\n180 g",
      "Disponibilité": "En stock",
      "PRODUCTEUR": "VENANDI",
      "Spécificités": "Cerf",
      "Désignation Produit": "TERRINE DE CERF TROMPETTES DE LA MORT ET NOISETTE - bocal verre 180 g",
      "Désignation Produit 1 ligne": "TERRINE DE CERF TROMPETTES DE LA MORT ET NOISETTE - bocal verre 180 g",
      "Unité de vente détaillée": "1 X 180 g",
      "Délais d'appro (jours) (from FOURNISSEUR)": "10",
      "Nom de la Société (from FOURNISSEUR)": "Venandi",
      "Descriptif Producteur (from FOURNISSEUR)": "Mathieu & François : des amoureux de la nature et du goût Notre aventure, c’est d’abord celle de deux amis (Mathieu et François) qui ont eu l’envie de créer une aventure responsable, humaine et très gourmande autour de la viande sauvage. L’idée est de concocter des produits à base de viande de gibier pour le mettre sur le devant de la scène culinaire française (rien que ça) ! Après l’école, François rejoint Tilkee, une start-up de l’écosystème lyonnais qui cherche à développer l’efficacité des commerciaux grâce à un logiciel de tracking. Cette expérience lui permettra de faire ses premières armes sur ce marché en construction et apprend ainsi les aléas des petites entreprises. Sa devise : La qualité et la satisfaction des clients avant tout ! Mathieu de son côté, pas très copain avec les études, décide de se lancer dans le monde du bâtiment en créant son entreprise d’artisan peintre. Son activité lui apprend la débrouille et la gestion du terrain. Sa devise : Il n’y a pas de problème, que des solutions! C’est leur passion commune pour la nature et la pratique de la chasse durable qui les réunit et qui fait émerger cette idée : pouvoir faire partager ces produits artisanaux confectionnés à partir de viandes exceptionnelles au plus grand nombre (y a pas de raison que seuls les gens des campagnes puissent en profiter!). La raison d’être de VENANDI vise à faire connaître au grand public les gibiers français. Alors ne vous inquiétez pas, on va tout vous expliquer : chasse durable, gibiers, avantages nutritifs.. mais surtout comment étonner et éduquer les papilles ! Nous avons à cœur d’être dans une démarche proche de nos valeurs : authenticité, transparence, et qualité ! L’aventure est donc lancée et vous pouvez d’ores et déjà goûter les premiers produits Venandi à base de gibier 100% sauvage et français !",
      "Photos Producteurs (from FOURNISSEUR)": [
        {
          "id": "attKjBhbI7QXU6CXA",
          "width": 125,
          "height": 125,
          "url": "https://dl.airtable.com/.attachments/95661b253ccd6bac798fb5c47efc5e25/c1a4dcf5/shop_logo2808.png?ts=1654586294&userId=usrF6kLgBaja75CMj&cs=2990d2189a8e1d5c",
          "filename": "shop_logo2808.png",
          "size": 28115,
          "type": "image/png",
          "thumbnails": {
            "small": {
              "url": "https://dl.airtable.com/.attachmentThumbnails/972229f83d4ee3aadbd350eba96e9861/de367ea8?ts=1654586294&userId=usrF6kLgBaja75CMj&cs=73b0f739a5795de3",
              "width": 36,
              "height": 36
            },
            "large": {
              "url": "https://dl.airtable.com/.attachmentThumbnails/30661ced6403982643fef9e708837bf2/d915bca8?ts=1654586294&userId=usrF6kLgBaja75CMj&cs=3f48b157e0743a7d",
              "width": 125,
              "height": 125
            },
            "full": {
              "url": "https://dl.airtable.com/.attachmentThumbnails/0ca3fbe925e7b17028a45b4f9b9e45f5/9e9a273c?ts=1654586294&userId=usrF6kLgBaja75CMj&cs=e7fdda9ab074df35",
              "width": 3000,
              "height": 3000
            }
          }
        },
        {
          "id": "attqzvVjIfc1l2glC",
          "width": 920,
          "height": 1015,
          "url": "https://dl.airtable.com/.attachments/be07aea559ed00f0243ef6a806745b60/c89eff61/IMG_8178-920x1015.jpg?ts=1654586294&userId=usrF6kLgBaja75CMj&cs=3f4854807477cca2",
          "filename": "IMG_8178-920x1015.jpg",
          "size": 229833,
          "type": "image/jpeg",
          "thumbnails": {
            "small": {
              "url": "https://dl.airtable.com/.attachmentThumbnails/5bea6ec618bb0373241a5b451faa2560/146701b3?ts=1654586294&userId=usrF6kLgBaja75CMj&cs=5b7520546d79418f",
              "width": 33,
              "height": 36
            },
            "large": {
              "url": "https://dl.airtable.com/.attachmentThumbnails/c8b88a367c75bd440a35df278f599d31/3a2c46c7?ts=1654586294&userId=usrF6kLgBaja75CMj&cs=63f2a4847c5000bd",
              "width": 512,
              "height": 565
            },
            "full": {
              "url": "https://dl.airtable.com/.attachmentThumbnails/6cb397e18cf4da69323c92245809aa0a/49ccc106?ts=1654586294&userId=usrF6kLgBaja75CMj&cs=ef1b00da4d493a42",
              "width": 3000,
              "height": 3000
            }
          }
        }
      ],
      "Département (from FOURNISSEUR)": ["RHÔNE"],
      "Code Postal (from FOURNISSEUR)": "69002",
      "Ville (from FOURNISSEUR)": "LYON",
      "STOCK DISPO (from Passerelle Stock vers BDD Produits/Producteurs)": "6",
      "Option 1": "Grand",
      "Import CSV Shopify": "FR69.0011.00982",
      "Localisation (from FOURNISSEUR)": "69002 - LYON - RHÔNE"
    },
    "name": "Terrine de Cerf Trompettes de la mort et Noisette",
    "weight": "bocal verre 180 g",
    "price": "4.50",
    "pricePerKg": "25.00",
    "stock": "En stock",
    "picture": "https://dl.airtable.com/.attachments/590cc5e932913e0d1f32e76d61b35de0/86c166b7/terrine_cerf_sauvage_trompettes_mort_noisettes-removebg-preview.png?ts=1654586294&userId=usrF6kLgBaja75CMj&cs=bae18470906a5f1f"
  },
  {
    "id": "recKGtG1z5yWpDJif",
    "info": {
      "Code Produit QotQot": "FR42.0006.00126",
      "FOURNISSEUR": "Charles Chocolartisan",
      "Produit": "BIANKA - Pâte à tartiner Façon \"chocolat blanc\"",
      "Catégorie": ["Épicerie sucrée"],
      "Type": ["Pâtes à tartiner"],
      "Spécificité": "Chocolat",
      "Statut": "Référencé",
      "Dispo": "En stock",
      "Prix d'achat unitaire €HT": 3.35,
      "Image produits sans fond": [
        {
          "id": "attnpsdri2NV0bS3T",
          "width": 238,
          "height": 350,
          "url": "https://dl.airtable.com/.attachments/4295c3d91fdcdfa241bda7949b03b9f7/1a165952/Bianka_280.png?ts=1654586294&userId=usrF6kLgBaja75CMj&cs=70399ef9557ba481",
          "filename": "Bianka_280.png",
          "size": 84135,
          "type": "image/png",
          "thumbnails": {
            "small": {
              "url": "https://dl.airtable.com/.attachmentThumbnails/7429a8e02643200bd221a334e42eba21/7e8e287e?ts=1654586294&userId=usrF6kLgBaja75CMj&cs=ec078b2e127f203f",
              "width": 24,
              "height": 36
            },
            "large": {
              "url": "https://dl.airtable.com/.attachmentThumbnails/48c39f09916a7a0e4ff2da2bd6559c24/49cf6fa5?ts=1654586294&userId=usrF6kLgBaja75CMj&cs=6ed15c19a6fe8d40",
              "width": 238,
              "height": 350
            },
            "full": {
              "url": "https://dl.airtable.com/.attachmentThumbnails/2122ec465c2fb38ed8a9ea73bae34ac5/3ff99615?ts=1654586294&userId=usrF6kLgBaja75CMj&cs=df0b78a2b48bb9ed",
              "width": 3000,
              "height": 3000
            }
          }
        }
      ],
      "EAN 13": { "text": "3 700 774 300 609" },
      "DDM (mois)": 12,
      "UVC - Conditionnement": "Pot PET",
      "UVC - Poids/vol": 280,
      "UVC - Unité": "g",
      "Prix d'achat kg/g/L €HT": 11.964285714285714,
      "Unité d'achat(X*UV)": 12,
      "Tx TVA": 0.055,
      "Produit Pro": true,
      "Produit Particulier": true,
      "Tarif Particulier TTC": 5.6548,
      "Commentaires": "Panachable en couche de 6\n",
      "numéro": 126,
      "Code Fournisseur (from Fournisseurs)": "FR42.0006",
      "Département (from Coordonnées Sociétés)": ["LOIRE"],
      "Franco €": "€250",
      "DESIGNATION": "BIANKA - PÂTE À TARTINER FAÇON \"CHOCOLAT BLANC\"",
      "Conditionnement": "Pot PET 280 g",
      "Tarif Pro (HT)": 5.025,
      "Tarif Pro (HT) au Kg/L": 17.946428571428573,
      "Unité Vente": 1,
      "Tarif Particulier TTC Arrondi": 5.7,
      "Image produits avec fond": [
        {
          "id": "attnpsdri2NV0bS3T",
          "width": 238,
          "height": 350,
          "url": "https://dl.airtable.com/.attachments/4295c3d91fdcdfa241bda7949b03b9f7/1a165952/Bianka_280.png?ts=1654586294&userId=usrF6kLgBaja75CMj&cs=70399ef9557ba481",
          "filename": "Bianka_280.png",
          "size": 84135,
          "type": "image/png",
          "thumbnails": {
            "small": {
              "url": "https://dl.airtable.com/.attachmentThumbnails/7429a8e02643200bd221a334e42eba21/7e8e287e?ts=1654586294&userId=usrF6kLgBaja75CMj&cs=ec078b2e127f203f",
              "width": 24,
              "height": 36
            },
            "large": {
              "url": "https://dl.airtable.com/.attachmentThumbnails/48c39f09916a7a0e4ff2da2bd6559c24/49cf6fa5?ts=1654586294&userId=usrF6kLgBaja75CMj&cs=6ed15c19a6fe8d40",
              "width": 238,
              "height": 350
            },
            "full": {
              "url": "https://dl.airtable.com/.attachmentThumbnails/2122ec465c2fb38ed8a9ea73bae34ac5/3ff99615?ts=1654586294&userId=usrF6kLgBaja75CMj&cs=df0b78a2b48bb9ed",
              "width": 3000,
              "height": 3000
            }
          }
        }
      ],
      "Nom complet Produit pour formulaire de Mouvement de Stock": "Pot PET 280 g-BIANKA - PÂTE À TARTINER FAÇON \"CHOCOLAT BLANC\"//Charles Chocolartisan//FR42.0006.00126",
      "Prix de vente € TTC conseillé": 7,
      "Prix de vente typeform € TTC": 6.3,
      "DESIGNATION TYPEFORM": "BIANKA - Pâte à tartiner Façon \"chocolat blanc\" - 280g -  // 6.30€",
      "Hypothèse 15% marge px pro": 6.236911764705883,
      "CATEGORIE/TYPE": "Épicerie sucrée>Pâtes à tartiner",
      "Condi.": "Pot PET\n280 g",
      "Disponibilité": "En stock",
      "PRODUCTEUR": "CHARLES CHOCOLARTISAN",
      "Spécificités": "Chocolat",
      "Commande Fournisseurs": "FR42.0006-14/01/2022",
      "Désignation Produit": "BIANKA - PÂTE À TARTINER FAÇON \"CHOCOLAT BLANC\" - Pot PET 280 g",
      "Désignation Produit 1 ligne": "BIANKA - PÂTE À TARTINER FAÇON \"CHOCOLAT BLANC\" - Pot PET 280 g",
      "Unité de vente détaillée": "1 X 280 g",
      "Délais d'appro (jours) (from FOURNISSEUR)": "10",
      "Nom de la Société (from FOURNISSEUR)": "Charles Chocolartisan",
      "Descriptif Producteur (from FOURNISSEUR)": "Pâtes à tartiner sans huile de palme.  - des produits trop bons à l'intérieur - avec des ingrédients naturels et de qualité - et un brin d'histoire aussi FABRICATION 100% FRANCAISE ! Le site de production Charles Chocolartisan se situe à Civens, un petit village du département de la Loire, non loin de Saint-Etienne et de Lyon. C’est ici que les plus grands secrets tartinés sont gardés ! Toutes les recettes sont fabriquées sur le territoire ligérien par les petites mains de nos écureuils, avec des matières premières issues de l'agriculture Française, lorsque cela est rendu possible bien sûr (plutôt complexe de cultiver le cacao dans son jardin).   BIENVEILLANCE ! C'est être bienveillant envers ceux et celles qui nous entourent et faire intervenir le plus possible les acteurs locaux. C'est aussi respecter l'environnement en utilisant seulement des produits sains et naturels. Enfin, être bienveillant c'est aussi prendre soin de TA santé, et celle de tous nos gourmands avec des pâtes à tartiner sans conservateur, sans arôme artificiel, sans additif chimique et SANS HUILE DE PALME. Roland CHARLES est chocolatier artisan depuis 2005. MAITRE ARTISAN",
      "Photos Producteurs (from FOURNISSEUR)": [
        {
          "id": "attlyCwSWsJVVaZIA",
          "width": 5184,
          "height": 3456,
          "url": "https://dl.airtable.com/.attachments/6eddd894aefe0270b2280f1454e78a73/f3e491d7/Made_In_Craft_spread?ts=1654586294&userId=usrF6kLgBaja75CMj&cs=c13819b84cfaff20",
          "filename": "Made_In_Craft_spread",
          "size": 2141430,
          "type": "image/jpeg",
          "thumbnails": {
            "small": {
              "url": "https://dl.airtable.com/.attachmentThumbnails/de6c90224f0151739c12abd7467357fd/c2bc654e?ts=1654586294&userId=usrF6kLgBaja75CMj&cs=96ce4f8bf32640fc",
              "width": 54,
              "height": 36
            },
            "large": {
              "url": "https://dl.airtable.com/.attachmentThumbnails/6bd8ecb64b9e96498a2fe1ee79e6f4d0/0b0c54db?ts=1654586294&userId=usrF6kLgBaja75CMj&cs=fcfa2d0146a5093e",
              "width": 768,
              "height": 512
            },
            "full": {
              "url": "https://dl.airtable.com/.attachmentThumbnails/ae7f4fdf8b25234b63bc4bec1298a6b9/646d8ec8?ts=1654586294&userId=usrF6kLgBaja75CMj&cs=4c70505f8b89b0b4",
              "width": 3000,
              "height": 3000
            }
          }
        }
      ],
      "Label (from FOURNISSEUR)": ["Maitre Artisan"],
      "LABEL LOGO (from FOURNISSEUR)": [
        {
          "id": "atteoANboPg1rt7qO",
          "width": 500,
          "height": 500,
          "url": "https://dl.airtable.com/.attachments/1666ef036bbf7ef0f736298627086a50/e835b947/d11187.png?ts=1654586294&userId=usrF6kLgBaja75CMj&cs=940682eef8138829",
          "filename": "d11187.png",
          "size": 24032,
          "type": "image/png",
          "thumbnails": {
            "small": {
              "url": "https://dl.airtable.com/.attachmentThumbnails/f4f7d5dbba88423af7f3d4db934f11bb/c318ffd2?ts=1654586294&userId=usrF6kLgBaja75CMj&cs=cc6c831b7b19ce6e",
              "width": 36,
              "height": 36
            },
            "large": {
              "url": "https://dl.airtable.com/.attachmentThumbnails/cc82b4b4a4afecd526f70be6b662d042/45f6edb2?ts=1654586294&userId=usrF6kLgBaja75CMj&cs=d98956868f0bdab5",
              "width": 500,
              "height": 500
            },
            "full": {
              "url": "https://dl.airtable.com/.attachmentThumbnails/e814e533d08305a5ca64aa5ee51b3c2c/8aa2f1a8?ts=1654586294&userId=usrF6kLgBaja75CMj&cs=5873acc6a6e85048",
              "width": 3000,
              "height": 3000
            }
          }
        }
      ],
      "Département (from FOURNISSEUR)": ["LOIRE"],
      "Code Postal (from FOURNISSEUR)": "42110",
      "Ville (from FOURNISSEUR)": "CIVENS",
      "STOCK DISPO (from Passerelle Stock vers BDD Produits/Producteurs)": "5",
      "Import CSV Shopify": "FR42.0006.00126",
      "Localisation (from FOURNISSEUR)": "42110 - CIVENS - LOIRE"
    },
    "name": "BIANKA - Pâte à tartiner Façon \"chocolat blanc\"",
    "weight": "Pot PET 280 g",
    "price": "3.35",
    "pricePerKg": "11.96",
    "stock": "En stock",
    "picture": "https://dl.airtable.com/.attachments/4295c3d91fdcdfa241bda7949b03b9f7/1a165952/Bianka_280.png?ts=1654586294&userId=usrF6kLgBaja75CMj&cs=70399ef9557ba481"
  },
  {
    "id": "recKWK7jpeBtaGTdC",
    "info": {
      "Code Produit QotQot": "FR26.0019.01316",
      "FOURNISSEUR": "Provence Alpes",
      "Produit": "Provençale de légumes",
      "Catégorie": ["Épicerie salée"],
      "Type": ["Tartinables"],
      "Spécificité": "Légumes",
      "Statut": "Référencé",
      "Dispo": "En rupture",
      "Prix d'achat unitaire €HT": 1.34,
      "Image produits sans fond": [
        {
          "id": "attKc3k24qHSuxXpH",
          "width": 493,
          "height": 506,
          "url": "https://dl.airtable.com/.attachments/c65cd8909bf95f5f984527126171e2fc/09753acd/Provenale_de_lgumes-removebg-preview.png?ts=1654586294&userId=usrF6kLgBaja75CMj&cs=df7a451a4665b95f",
          "filename": "Provençale_de_légumes-removebg-preview.png",
          "size": 251143,
          "type": "image/png",
          "thumbnails": {
            "small": {
              "url": "https://dl.airtable.com/.attachmentThumbnails/ba158a8eb54442cdfae23df7368ef67f/ce9f20ff?ts=1654586294&userId=usrF6kLgBaja75CMj&cs=4898c7ea51f921d2",
              "width": 35,
              "height": 36
            },
            "large": {
              "url": "https://dl.airtable.com/.attachmentThumbnails/cc50a509057aa121044cd51aff5910c4/2d39f188?ts=1654586294&userId=usrF6kLgBaja75CMj&cs=46d9a0e43d56ecd1",
              "width": 493,
              "height": 506
            },
            "full": {
              "url": "https://dl.airtable.com/.attachmentThumbnails/c6b7354d428c0d84c9515dfcfdaddabd/bd9e0af2?ts=1654586294&userId=usrF6kLgBaja75CMj&cs=dfa9125407ce04ec",
              "width": 3000,
              "height": 3000
            }
          }
        }
      ],
      "UVC - Conditionnement": "bocal verre",
      "UVC - Poids/vol": 100,
      "UVC - Unité": "g",
      "Prix d'achat kg/g/L €HT": 13.4,
      "Unité d'achat(X*UV)": 6,
      "Tx TVA": 0.055,
      "Produit Pro": true,
      "Produit Particulier": true,
      "Tarif Particulier TTC": 2.26192,
      "numéro": 1316,
      "Code Fournisseur (from Fournisseurs)": "FR26.0019",
      "Département (from Coordonnées Sociétés)": ["DRÔME"],
      "DESIGNATION": "PROVENÇALE DE LÉGUMES",
      "Conditionnement": "bocal verre 100 g",
      "Tarif Pro (HT)": 2.0100000000000002,
      "Tarif Pro (HT) au Kg/L": 20.100000000000005,
      "Unité Vente": 1,
      "Tarif Particulier TTC Arrondi": 2.3000000000000003,
      "Commentaire descriptif": "Pas de description ",
      "Image produits avec fond": [
        {
          "id": "attW0PYlIqa6YDqJn",
          "width": 598,
          "height": 613,
          "url": "https://dl.airtable.com/.attachments/e174167124802616a358d5fd376f8262/a0ac41db/Provenaledelgumes.jpg?ts=1654586294&userId=usrF6kLgBaja75CMj&cs=fb18a231cf46d840",
          "filename": "Provençale de légumes.jpg",
          "size": 50893,
          "type": "image/jpeg",
          "thumbnails": {
            "small": {
              "url": "https://dl.airtable.com/.attachmentThumbnails/beffcc557be35bba72668057939d42bd/84101be7?ts=1654586294&userId=usrF6kLgBaja75CMj&cs=197aca1329e6da1c",
              "width": 35,
              "height": 36
            },
            "large": {
              "url": "https://dl.airtable.com/.attachmentThumbnails/f09ddd52cf62f1eb9725c2d37ec10327/36a692fb?ts=1654586294&userId=usrF6kLgBaja75CMj&cs=0fb5712ab949f2ec",
              "width": 512,
              "height": 525
            },
            "full": {
              "url": "https://dl.airtable.com/.attachmentThumbnails/5d565eb34be53864c906acaa7fc4e3e5/36599c8c?ts=1654586294&userId=usrF6kLgBaja75CMj&cs=3bdf44496e77e082",
              "width": 3000,
              "height": 3000
            }
          }
        }
      ],
      "Nom complet Produit pour formulaire de Mouvement de Stock": "bocal verre 100 g-PROVENÇALE DE LÉGUMES//Provence Alpes//FR26.0019.01316",
      "Prix de vente typeform € TTC": 3.4,
      "DESIGNATION TYPEFORM": "Provençale de légumes - 100g -  // 3.40€",
      "Hypothèse 15% marge px pro": 2.4947647058823534,
      "CATEGORIE/TYPE": "Épicerie salée>Tartinables",
      "Condi.": "bocal verre\n100 g",
      "Disponibilité": "En rupture",
      "PRODUCTEUR": "PROVENCE ALPES",
      "Spécificités": "Légumes",
      "Désignation Produit": "PROVENÇALE DE LÉGUMES - bocal verre 100 g",
      "Désignation Produit 1 ligne": "PROVENÇALE DE LÉGUMES - bocal verre 100 g",
      "Unité de vente détaillée": "1 X 100 g",
      "Délais d'appro (jours) (from FOURNISSEUR)": "10",
      "Nom de la Société (from FOURNISSEUR)": "Provence Alpes",
      "Descriptif Producteur (from FOURNISSEUR)": "Provence Alpes   L’histoire de Provence Alpes débute avec Monsieur Claude DIEMOZ qui a œuvré au niveau national à la création de l’Institut ITEIPMAI. Également producteur de plantes aromatiques, il a créé la société GEL’PAM (1992), dont l’activité est la surgélation de plantes aromatiques cultivées en Drôme (premier département Français producteur de plantes aromatiques).  La société Provence Alpes est implantée au cœur de la Drôme depuis plus de 20 ans. Son objectif est d’élaborer les meilleures sauces et aides culinaires afin de satisfaire au mieux les exigences de ses clients. Ses produits sont réalisés à partir de matières premières, rigoureusement sélectionnées et en privilégiant les origines locales du premier département Français producteur de plantes aromatiques. La satisfaction des clients est une priorité pour Provence Alpes. Pour ce faire, l’entreprise fait preuve d’une grande réactivité face à la demande. Forte de son expérience en matière de création de recettes, la société Provence Alpes est à même de vous proposer une large gamme de produits. Elle peut vous aider à élaborer et fabriquer vos propres formules et à adapter des recettes à vos besoins.",
      "Photos Producteurs (from FOURNISSEUR)": [
        {
          "id": "attRVuNQ27ZQ1h630",
          "width": 450,
          "height": 332,
          "url": "https://dl.airtable.com/.attachments/71d722d4f2004abe534ec162be51abd2/cce3870b/CDIEMOZ.png?ts=1654586294&userId=usrF6kLgBaja75CMj&cs=d815af8bf708af02",
          "filename": "CDIEMOZ.png",
          "size": 333867,
          "type": "image/png",
          "thumbnails": {
            "small": {
              "url": "https://dl.airtable.com/.attachmentThumbnails/104b46b4147bd61450a405fbeef809b3/e94b27d9?ts=1654586294&userId=usrF6kLgBaja75CMj&cs=d09556c9e0d64dd3",
              "width": 49,
              "height": 36
            },
            "large": {
              "url": "https://dl.airtable.com/.attachmentThumbnails/ad310d2e471214c1c6d78c12cbb15657/ec767575?ts=1654586294&userId=usrF6kLgBaja75CMj&cs=0a89f85a99730bc2",
              "width": 450,
              "height": 332
            },
            "full": {
              "url": "https://dl.airtable.com/.attachmentThumbnails/720280978ef0b142a25e24a3d7ddd97d/d83adc28?ts=1654586294&userId=usrF6kLgBaja75CMj&cs=d50b9fb9662c7558",
              "width": 3000,
              "height": 3000
            }
          }
        }
      ],
      "Label (from FOURNISSEUR)": ["AB"],
      "LABEL LOGO (from FOURNISSEUR)": [
        {
          "id": "atthdViQyZ14LUu8l",
          "width": 1335,
          "height": 606,
          "url": "https://dl.airtable.com/.attachments/0d38d4bd251d74a58a370972d36e2d16/bbd1e6dd/Capture-2.png?ts=1654586294&userId=usrF6kLgBaja75CMj&cs=5613e82b554bf6db",
          "filename": "Capture-2.png",
          "size": 105113,
          "type": "image/png",
          "thumbnails": {
            "small": {
              "url": "https://dl.airtable.com/.attachmentThumbnails/d29e6895f30966e9dd650c26d42c694c/528b8acc?ts=1654586294&userId=usrF6kLgBaja75CMj&cs=4a7960b96ffd4eb6",
              "width": 79,
              "height": 36
            },
            "large": {
              "url": "https://dl.airtable.com/.attachmentThumbnails/43bc2d03176c12b59a06a15126d895c5/2d781fa8?ts=1654586294&userId=usrF6kLgBaja75CMj&cs=2d8a117035c3edfd",
              "width": 1128,
              "height": 512
            },
            "full": {
              "url": "https://dl.airtable.com/.attachmentThumbnails/c10f50df2e56d08c78870d0f258cabc7/c7210777?ts=1654586294&userId=usrF6kLgBaja75CMj&cs=bd975310d2340565",
              "width": 3000,
              "height": 3000
            }
          }
        }
      ],
      "Département (from FOURNISSEUR)": ["DRÔME"],
      "Code Postal (from FOURNISSEUR)": "26270",
      "Ville (from FOURNISSEUR)": "Saulce sur Rhône",
      "STOCK DISPO (from Passerelle Stock vers BDD Produits/Producteurs)": "0",
      "Import CSV Shopify": "FR26.0019.01316",
      "Localisation (from FOURNISSEUR)": "26270 - SAULCE SUR RHÔNE - DRÔME"
    },
    "name": "Provençale de légumes",
    "weight": "bocal verre 100 g",
    "price": "1.34",
    "pricePerKg": "13.40",
    "stock": "En rupture",
    "picture": "https://dl.airtable.com/.attachments/c65cd8909bf95f5f984527126171e2fc/09753acd/Provenale_de_lgumes-removebg-preview.png?ts=1654586294&userId=usrF6kLgBaja75CMj&cs=df7a451a4665b95f"
  },
  {
    "id": "recKd2wqsAcQ7vp0p",
    "info": {
      "Code Produit QotQot": "FR01.0007.00740",
      "FOURNISSEUR": "Max Daumin",
      "Produit": "Curcuma (moulu(e)) / Curcuma longa",
      "Catégorie": ["Épicerie salée"],
      "Type": ["Epices"],
      "Spécificité": "Epices moulues",
      "Statut": "Référencé",
      "Dispo": "En stock",
      "Prix d'achat unitaire €HT": 9.25,
      "Descriptif Produit": " Racines en tranches  -  Manakara (Madagascar)",
      "SIQO": ["BIO"],
      "Référence Fournisseur": "10005",
      "UVC - Conditionnement": "sachet",
      "UVC - Poids/vol": 250,
      "UVC - Unité": "g",
      "Prix d'achat kg/g/L €HT": 37,
      "Unité d'achat(X*UV)": 1,
      "Tx TVA": 0.055,
      "Produit Pro": true,
      "Tarif Particulier TTC": 15.613999999999999,
      "Commentaires": "Existe aussi en format 500g, 1kg, 5kg, 10kg",
      "numéro": 740,
      "Code Fournisseur (from Fournisseurs)": "FR01.0007",
      "Département (from Coordonnées Sociétés)": ["AIN"],
      "Franco €": "€250",
      "DESIGNATION": "CURCUMA (MOULU(E)) / CURCUMA LONGA - BIO",
      "Conditionnement": "sachet 250 g",
      "Tarif Pro (HT)": 13.875,
      "Tarif Pro (HT) au Kg/L": 55.5,
      "Unité Vente": 1,
      "Tarif Particulier TTC Arrondi": 15.700000000000001,
      "LABEL": [
        {
          "id": "attdzLJnjcNd0rRmE",
          "width": 1335,
          "height": 606,
          "url": "https://dl.airtable.com/.attachments/0e9e633af4f109241b1f6cc70f2cb0bc/fe8d7a9e/Capture-2.png?ts=1654586294&userId=usrF6kLgBaja75CMj&cs=aea7a14f8a72c9bc",
          "filename": "Capture-2.png",
          "size": 105113,
          "type": "image/png",
          "thumbnails": {
            "small": {
              "url": "https://dl.airtable.com/.attachmentThumbnails/5e394e47a9ef364059f4dd554b2473c3/1cd419bf?ts=1654586294&userId=usrF6kLgBaja75CMj&cs=2215178bbd0704ff",
              "width": 79,
              "height": 36
            },
            "large": {
              "url": "https://dl.airtable.com/.attachmentThumbnails/e8ae48781a550c1899f42cc102006df4/47cf57c9?ts=1654586294&userId=usrF6kLgBaja75CMj&cs=0f384d2befc8856f",
              "width": 1128,
              "height": 512
            },
            "full": {
              "url": "https://dl.airtable.com/.attachmentThumbnails/4b4f2305169a6254d9ae9f526c9dedef/b11e2141?ts=1654586294&userId=usrF6kLgBaja75CMj&cs=12316e7ecbc90f2c",
              "width": 3000,
              "height": 3000
            }
          }
        }
      ],
      "Nom complet Produit pour formulaire de Mouvement de Stock": "sachet 250 g-CURCUMA (MOULU(E)) / CURCUMA LONGA - BIO//Max Daumin//FR01.0007.00740",
      "DESIGNATION TYPEFORM": "Curcuma (moulu(e)) / Curcuma longa - 250g - BIO // 0€",
      "Hypothèse 15% marge px pro": 17.221323529411766,
      "CATEGORIE/TYPE": "Épicerie salée>Epices",
      "Condi.": "sachet\n250 g",
      "Disponibilité": "En stock",
      "PRODUCTEUR": "MAX DAUMIN",
      "Spécificités": "Epices moulues",
      "Commande Fournisseurs": "FR01.0007-08/02/2022",
      "Désignation Produit": "CURCUMA (MOULU(E)) / CURCUMA LONGA - BIO - sachet 250 g",
      "Désignation Produit 1 ligne": "CURCUMA (MOULU(E)) / CURCUMA LONGA - BIO - sachet 250 g",
      "Unité de vente détaillée": "1 X 250 g",
      "Délais d'appro (jours) (from FOURNISSEUR)": "15",
      "Nom de la Société (from FOURNISSEUR)": "Max Daumin",
      "Descriptif Producteur (from FOURNISSEUR)": "Des épices de producteurs La maitrise de la qualité gustative des épices et poivres ne peut se faire que si l’on maitrise la récolte et qui plante vos épices. Max Daumin sélectionne ainsi des épices brutes, non moulues directement auprès de ses producteurs en France et dans le monde. Fabrication de nos packagings en Auvergne-Rhône-Alpes et mouture réalisée dans l'Ain.",
      "Photos Producteurs (from FOURNISSEUR)": [
        {
          "id": "attYAOOy5uOVlVR6S",
          "width": 2048,
          "height": 2048,
          "url": "https://dl.airtable.com/.attachments/64e33a9c190c59001abdb8f17b3633dd/ff897487/219894231_1444958569205856_6064492114380868409_n.jpg?ts=1654586294&userId=usrF6kLgBaja75CMj&cs=4f174d77651ec16f",
          "filename": "219894231_1444958569205856_6064492114380868409_n.jpg",
          "size": 1262576,
          "type": "image/jpeg",
          "thumbnails": {
            "small": {
              "url": "https://dl.airtable.com/.attachmentThumbnails/b432dfd0cdcdd317555e1cddf12365ee/ccdd2c2c?ts=1654586294&userId=usrF6kLgBaja75CMj&cs=eb97483b05c904ac",
              "width": 36,
              "height": 36
            },
            "large": {
              "url": "https://dl.airtable.com/.attachmentThumbnails/186d0dcefbef6a13df5925cadc565ab4/a16281cb?ts=1654586294&userId=usrF6kLgBaja75CMj&cs=5f4c7f34eff73003",
              "width": 512,
              "height": 512
            },
            "full": {
              "url": "https://dl.airtable.com/.attachmentThumbnails/133b79275186e894d892ab82f66dffab/4d10634d?ts=1654586294&userId=usrF6kLgBaja75CMj&cs=88fdfbd5960bb3bd",
              "width": 3000,
              "height": 3000
            }
          }
        }
      ],
      "Label (from FOURNISSEUR)": ["AB", "CCF"],
      "LABEL LOGO (from FOURNISSEUR)": [
        {
          "id": "attOjlB3OP92IAQLw",
          "width": 1335,
          "height": 606,
          "url": "https://dl.airtable.com/.attachments/bde3a9041e764a52284e9d7e724c6906/c4f70304/Capture-2.png?ts=1654586294&userId=usrF6kLgBaja75CMj&cs=7a13c35073f4693a",
          "filename": "Capture-2.png",
          "size": 105113,
          "type": "image/png",
          "thumbnails": {
            "small": {
              "url": "https://dl.airtable.com/.attachmentThumbnails/d610587c76107b1b40e5a9504a63a299/420fc780?ts=1654586294&userId=usrF6kLgBaja75CMj&cs=70b0e4f3e026dd6b",
              "width": 79,
              "height": 36
            },
            "large": {
              "url": "https://dl.airtable.com/.attachmentThumbnails/5e662ed8382bb04d74a88e0fd59474a4/1071aab4?ts=1654586294&userId=usrF6kLgBaja75CMj&cs=4b212cfb1743424b",
              "width": 1128,
              "height": 512
            },
            "full": {
              "url": "https://dl.airtable.com/.attachmentThumbnails/e515a39fdc1988e16ad042723ede9501/17bb594b?ts=1654586294&userId=usrF6kLgBaja75CMj&cs=694b54ee1f00f647",
              "width": 3000,
              "height": 3000
            }
          }
        },
        {
          "id": "attMuhgIz0i6EF3sO",
          "width": 562,
          "height": 796,
          "url": "https://dl.airtable.com/.attachments/ac55e066dc4c694c226bc7aa3603b3ff/31baf7ba/PAQ_LOGO_DTOUR.png?ts=1654586294&userId=usrF6kLgBaja75CMj&cs=688ef98d43b2fe07",
          "filename": "PAQ_LOGO_DÉTOURÉ.png",
          "size": 123333,
          "type": "image/png",
          "thumbnails": {
            "small": {
              "url": "https://dl.airtable.com/.attachmentThumbnails/e4ab024c3f5ae6d6703b12b21c377b2f/011e11ad?ts=1654586294&userId=usrF6kLgBaja75CMj&cs=7febad892daee4e2",
              "width": 25,
              "height": 36
            },
            "large": {
              "url": "https://dl.airtable.com/.attachmentThumbnails/e38099c48c3548fe4a91ffd6022b1f90/5617c169?ts=1654586294&userId=usrF6kLgBaja75CMj&cs=9b828de300ba475b",
              "width": 512,
              "height": 725
            },
            "full": {
              "url": "https://dl.airtable.com/.attachmentThumbnails/3c384b36e8ef6fad60696f0f487e36e2/7835c7a6?ts=1654586294&userId=usrF6kLgBaja75CMj&cs=62ac7cb5884e8b9a",
              "width": 3000,
              "height": 3000
            }
          }
        },
        {
          "id": "attIF8nQPkfYQg3PD",
          "width": 245,
          "height": 245,
          "url": "https://dl.airtable.com/.attachments/30a5ed2ed078555a4bcfe03684fb85eb/372ed40a/IGP_inao_image_block.png?ts=1654586294&userId=usrF6kLgBaja75CMj&cs=3d50c67929537429",
          "filename": "IGP_inao_image_block.png",
          "size": 240796,
          "type": "image/png",
          "thumbnails": {
            "small": {
              "url": "https://dl.airtable.com/.attachmentThumbnails/0333ed4b7a128b7d06619f73677c9d6f/8c5f0926?ts=1654586294&userId=usrF6kLgBaja75CMj&cs=3e62618ee4eec0b4",
              "width": 36,
              "height": 36
            },
            "large": {
              "url": "https://dl.airtable.com/.attachmentThumbnails/c4178b165dbce5f0be0c580da79693eb/c4b7af40?ts=1654586294&userId=usrF6kLgBaja75CMj&cs=2a27ff491dd65a43",
              "width": 245,
              "height": 245
            },
            "full": {
              "url": "https://dl.airtable.com/.attachmentThumbnails/a5071bafb6139fdd1692b3869089d1a7/2cb765ef?ts=1654586294&userId=usrF6kLgBaja75CMj&cs=581cc153ce14c337",
              "width": 3000,
              "height": 3000
            }
          }
        }
      ],
      "Département (from FOURNISSEUR)": ["AIN"],
      "Code Postal (from FOURNISSEUR)": "01450",
      "Ville (from FOURNISSEUR)": "LEYSSARD",
      "STOCK DISPO (from Passerelle Stock vers BDD Produits/Producteurs)": "1",
      "Localisation (from FOURNISSEUR)": "01450 - LEYSSARD - AIN"
    },
    "name": "Curcuma (moulu(e)) / Curcuma longa",
    "weight": "sachet 250 g",
    "price": "9.25",
    "pricePerKg": "37.00",
    "stock": "En stock"
  },
  {
    "id": "recKh2dmTcMfp1N8x",
    "info": {
      "Code Produit QotQot": "FR03.0015.00412",
      "FOURNISSEUR": "EARL Landrieaux",
      "Produit": "Farine Semi-complète",
      "Catégorie": ["Céréales et produits de boulangerie"],
      "Type": ["Céréales"],
      "Spécificité": "Farine",
      "Statut": "Référencé",
      "Dispo": "En stock",
      "Prix d'achat unitaire €HT": 1.75,
      "Descriptif Produit": "x",
      "Image produits sans fond": [
        {
          "id": "attZu37n7k0nO0Gf5",
          "width": 411,
          "height": 607,
          "url": "https://dl.airtable.com/.attachments/a82f322a80655ead7602c1db42948ef5/2358b45c/Farine_Semi-Complte-removebg-preview2.png?ts=1654586294&userId=usrF6kLgBaja75CMj&cs=9b6a3047187f1f27",
          "filename": "Farine_Semi-Complète-removebg-preview (2).png",
          "size": 221429,
          "type": "image/png",
          "thumbnails": {
            "small": {
              "url": "https://dl.airtable.com/.attachmentThumbnails/deb3ef21a88cc4c69a1dd03ba21b186a/224eae78?ts=1654586294&userId=usrF6kLgBaja75CMj&cs=da9489f01c550335",
              "width": 24,
              "height": 36
            },
            "large": {
              "url": "https://dl.airtable.com/.attachmentThumbnails/2a496c411b413999df174b23e1ff7e81/45ddca21?ts=1654586294&userId=usrF6kLgBaja75CMj&cs=689fb5f8576f6620",
              "width": 411,
              "height": 607
            },
            "full": {
              "url": "https://dl.airtable.com/.attachmentThumbnails/19578e50df22e633397775102b016f50/9d5870c7?ts=1654586294&userId=usrF6kLgBaja75CMj&cs=46a7571ee9d4b0d5",
              "width": 3000,
              "height": 3000
            }
          }
        }
      ],
      "UVC - Conditionnement": "sachet",
      "UVC - Poids/vol": 1,
      "UVC - Unité": "kg",
      "Prix d'achat kg/g/L €HT": 1.75,
      "Unité d'achat(X*UV)": 1,
      "Tx TVA": 0.055,
      "Produit Pro": true,
      "Produit Particulier": true,
      "Tarif Particulier TTC": 2.954,
      "numéro": 412,
      "Code Fournisseur (from Fournisseurs)": "FR03.0015",
      "Département (from Coordonnées Sociétés)": ["ALLIER"],
      "DESIGNATION": "FARINE SEMI-COMPLÈTE",
      "Conditionnement": "sachet 1 kg",
      "Tarif Pro (HT)": 2.625,
      "Tarif Pro (HT) au Kg/L": 2.625,
      "Unité Vente": 1,
      "Tarif Particulier TTC Arrondi": 3,
      "Image produits avec fond": [
        {
          "id": "att6nNUVBgLiKSne8",
          "width": 2153,
          "height": 3176,
          "url": "https://dl.airtable.com/.attachments/eb300a40eaeea678c494a27e988f6c72/fe3da764/FarineSemi-Complte.jpg?ts=1654586294&userId=usrF6kLgBaja75CMj&cs=36ba9af29de22ffd",
          "filename": "Farine Semi-Complète.jpg",
          "size": 1758593,
          "type": "image/jpeg",
          "thumbnails": {
            "small": {
              "url": "https://dl.airtable.com/.attachmentThumbnails/b27aba1b1af8eab794af98445a617dd9/fafc4880?ts=1654586294&userId=usrF6kLgBaja75CMj&cs=524e1aa94ab78d40",
              "width": 24,
              "height": 36
            },
            "large": {
              "url": "https://dl.airtable.com/.attachmentThumbnails/a474ec8c2cb22af20d8772dd7b1a653c/c133057a?ts=1654586294&userId=usrF6kLgBaja75CMj&cs=bd6637945499432b",
              "width": 512,
              "height": 755
            },
            "full": {
              "url": "https://dl.airtable.com/.attachmentThumbnails/e70a2791e53aefd63f10d7c32896dcf2/4cecf1e2?ts=1654586294&userId=usrF6kLgBaja75CMj&cs=ff0131e7ed912fe7",
              "width": 3000,
              "height": 3000
            }
          }
        }
      ],
      "Nom complet Produit pour formulaire de Mouvement de Stock": "sachet 1 kg-FARINE SEMI-COMPLÈTE//EARL Landrieaux//FR03.0015.00412",
      "Prix de vente typeform € TTC": 3.3,
      "DESIGNATION TYPEFORM": "Farine Semi-complète - 1kg -  // 3.30€",
      "Hypothèse 15% marge px pro": 3.2580882352941174,
      "CATEGORIE/TYPE": "Céréales et produits de boulangerie>Céréales",
      "Condi.": "sachet\n1 kg",
      "Disponibilité": "En stock",
      "PRODUCTEUR": "EARL LANDRIEAUX",
      "Spécificités": "Farine",
      "Désignation Produit": "FARINE SEMI-COMPLÈTE - sachet 1 kg",
      "Désignation Produit 1 ligne": "FARINE SEMI-COMPLÈTE - sachet 1 kg",
      "Unité de vente détaillée": "1 X 1 kg",
      "Délais d'appro (jours) (from FOURNISSEUR)": "15",
      "Nom de la Société (from FOURNISSEUR)": "EARL Landrieaux",
      "Descriptif Producteur (from FOURNISSEUR)": "100 % céréales de la ferme écrasée à la meule de pierre pour une farine de qualité et un goût authentique Pâtes séchées très lentement (environ 20 heures) pour conserver les qualités gustatives et nutritionnelles",
      "Photos Producteurs (from FOURNISSEUR)": [
        {
          "id": "attN0mQpwUbUrf5L6",
          "width": 1200,
          "height": 800,
          "url": "https://dl.airtable.com/.attachments/e2576968b198c578aebfafe7935237ab/18e09d4d/la-vie-rurale-a-l-earl-landrieaux-a-louchy-montfand-ble-fari_4799520.jpeg?ts=1654586294&userId=usrF6kLgBaja75CMj&cs=532a4232647b5802",
          "filename": "la-vie-rurale-a-l-earl-landrieaux-a-louchy-montfand-ble-fari_4799520.jpeg",
          "size": 158251,
          "type": "image/jpeg",
          "thumbnails": {
            "small": {
              "url": "https://dl.airtable.com/.attachmentThumbnails/757ec0565b752c1c667d59ce30046de9/3ff4cd86?ts=1654586294&userId=usrF6kLgBaja75CMj&cs=b558d864076a6db6",
              "width": 54,
              "height": 36
            },
            "large": {
              "url": "https://dl.airtable.com/.attachmentThumbnails/94f450b1953d5e610e57a943dab6adcc/3aeda7f5?ts=1654586294&userId=usrF6kLgBaja75CMj&cs=68a9de3ca3a6efd3",
              "width": 768,
              "height": 512
            },
            "full": {
              "url": "https://dl.airtable.com/.attachmentThumbnails/9b69eeb700e46d1de69dbf528ba86da4/b991ebb5?ts=1654586294&userId=usrF6kLgBaja75CMj&cs=00cb62b88907d64e",
              "width": 3000,
              "height": 3000
            }
          }
        }
      ],
      "Label (from FOURNISSEUR)": ["La région du goût"],
      "LABEL LOGO (from FOURNISSEUR)": [
        {
          "id": "att00CpbJDmobHibi",
          "width": 800,
          "height": 800,
          "url": "https://dl.airtable.com/.attachments/29b77a8bbbdea8886f6d92fe8acd2c45/079ba2af/logos_La_region_du_Gout-03.jpg?ts=1654586294&userId=usrF6kLgBaja75CMj&cs=32a95b018ac3f554",
          "filename": "logos_La_region_du_Gout-03.jpg",
          "size": 70362,
          "type": "image/jpeg",
          "thumbnails": {
            "small": {
              "url": "https://dl.airtable.com/.attachmentThumbnails/306061d7cc3ed7de82c1ca15d0df0789/62804379?ts=1654586294&userId=usrF6kLgBaja75CMj&cs=b39cfd205336a91e",
              "width": 36,
              "height": 36
            },
            "large": {
              "url": "https://dl.airtable.com/.attachmentThumbnails/d9105bb7f8fb22fce5080f55fd8ee3a0/327e9284?ts=1654586294&userId=usrF6kLgBaja75CMj&cs=2540ad81aeb58020",
              "width": 512,
              "height": 512
            },
            "full": {
              "url": "https://dl.airtable.com/.attachmentThumbnails/762bbbcf574ed19ffc019a7d533f40f8/66b0d459?ts=1654586294&userId=usrF6kLgBaja75CMj&cs=a02edf4502c61df1",
              "width": 3000,
              "height": 3000
            }
          }
        }
      ],
      "Département (from FOURNISSEUR)": ["ALLIER"],
      "Code Postal (from FOURNISSEUR)": "03500",
      "Ville (from FOURNISSEUR)": " LOUCHY MONTFAND",
      "STOCK DISPO (from Passerelle Stock vers BDD Produits/Producteurs)": "10",
      "Import CSV Shopify": "FR03.0015.00412",
      "Localisation (from FOURNISSEUR)": "03500 -  LOUCHY MONTFAND - ALLIER"
    },
    "name": "Farine Semi-complète",
    "weight": "sachet 1 kg",
    "price": "1.75",
    "pricePerKg": "1.75",
    "stock": "En stock",
    "picture": "https://dl.airtable.com/.attachments/a82f322a80655ead7602c1db42948ef5/2358b45c/Farine_Semi-Complte-removebg-preview2.png?ts=1654586294&userId=usrF6kLgBaja75CMj&cs=9b6a3047187f1f27"
  },
  {
    "id": "recKouIHWRK98Ugs1",
    "info": {
      "Code Produit QotQot": "FR42.0006.01340",
      "FOURNISSEUR": "Charles Chocolartisan",
      "Produit": "PRALI KRÉMA NOISETTES -  Pâte à tartiner Praliné aux noisettes",
      "Catégorie": ["Épicerie sucrée"],
      "Type": ["Pâtes à tartiner"],
      "Spécificité": "Noisette",
      "Statut": "Référencé",
      "Dispo": "En stock",
      "Prix d'achat unitaire €HT": 4,
      "Image produits sans fond": [
        {
          "id": "attKmuI7a8OeZNrla",
          "width": 1362,
          "height": 1811,
          "url": "https://dl.airtable.com/.attachments/f0a4782adeb05e2b9fbbf04d88133381/257c155f/951867-47cde464387d4e.jpg?ts=1654586294&userId=usrF6kLgBaja75CMj&cs=dcf1f42e59f67551",
          "filename": "951867-47cde464387d4e.jpg",
          "size": 60856,
          "type": "image/jpeg",
          "thumbnails": {
            "small": {
              "url": "https://dl.airtable.com/.attachmentThumbnails/d0c62a83172edebed4fd96d53560bc15/379f43e3?ts=1654586294&userId=usrF6kLgBaja75CMj&cs=f90c010818019e84",
              "width": 27,
              "height": 36
            },
            "large": {
              "url": "https://dl.airtable.com/.attachmentThumbnails/6d47018bf80f1f4bca7927ad486dc6b4/05980557?ts=1654586294&userId=usrF6kLgBaja75CMj&cs=3d6eea6a323c316a",
              "width": 512,
              "height": 681
            },
            "full": {
              "url": "https://dl.airtable.com/.attachmentThumbnails/cefe9e28290603ecac2ee3d7a7004af1/24575b47?ts=1654586294&userId=usrF6kLgBaja75CMj&cs=d590470db897a143",
              "width": 3000,
              "height": 3000
            }
          }
        }
      ],
      "DDM (mois)": 12,
      "UVC - Conditionnement": "Pot PET",
      "UVC - Poids/vol": 280,
      "UVC - Unité": "g",
      "Prix d'achat kg/g/L €HT": 14.285714285714285,
      "Unité d'achat(X*UV)": 12,
      "Tx TVA": 0.055,
      "Produit Pro": true,
      "Produit Particulier": true,
      "Tarif Particulier TTC": 6.752,
      "numéro": 1340,
      "Code Fournisseur (from Fournisseurs)": "FR42.0006",
      "Département (from Coordonnées Sociétés)": ["LOIRE"],
      "Franco €": "€250",
      "DESIGNATION": "PRALI KRÉMA NOISETTES -  PÂTE À TARTINER PRALINÉ AUX NOISETTES",
      "Conditionnement": "Pot PET 280 g",
      "Tarif Pro (HT)": 6,
      "Tarif Pro (HT) au Kg/L": 21.428571428571427,
      "Unité Vente": 1,
      "Tarif Particulier TTC Arrondi": 6.800000000000001,
      "Image produits avec fond": [
        {
          "id": "attKmuI7a8OeZNrla",
          "width": 1362,
          "height": 1811,
          "url": "https://dl.airtable.com/.attachments/f0a4782adeb05e2b9fbbf04d88133381/257c155f/951867-47cde464387d4e.jpg?ts=1654586294&userId=usrF6kLgBaja75CMj&cs=dcf1f42e59f67551",
          "filename": "951867-47cde464387d4e.jpg",
          "size": 60856,
          "type": "image/jpeg",
          "thumbnails": {
            "small": {
              "url": "https://dl.airtable.com/.attachmentThumbnails/d0c62a83172edebed4fd96d53560bc15/379f43e3?ts=1654586294&userId=usrF6kLgBaja75CMj&cs=f90c010818019e84",
              "width": 27,
              "height": 36
            },
            "large": {
              "url": "https://dl.airtable.com/.attachmentThumbnails/6d47018bf80f1f4bca7927ad486dc6b4/05980557?ts=1654586294&userId=usrF6kLgBaja75CMj&cs=3d6eea6a323c316a",
              "width": 512,
              "height": 681
            },
            "full": {
              "url": "https://dl.airtable.com/.attachmentThumbnails/cefe9e28290603ecac2ee3d7a7004af1/24575b47?ts=1654586294&userId=usrF6kLgBaja75CMj&cs=d590470db897a143",
              "width": 3000,
              "height": 3000
            }
          }
        }
      ],
      "Nom complet Produit pour formulaire de Mouvement de Stock": "Pot PET 280 g-PRALI KRÉMA NOISETTES -  PÂTE À TARTINER PRALINÉ AUX NOISETTES//Charles Chocolartisan//FR42.0006.01340",
      "Prix de vente € TTC conseillé": 8,
      "Prix de vente typeform € TTC": 6.3,
      "DESIGNATION TYPEFORM": "PRALI KRÉMA NOISETTES -  Pâte à tartiner Praliné aux noisettes - 280g -  // 6.30€",
      "Hypothèse 15% marge px pro": 7.447058823529411,
      "CATEGORIE/TYPE": "Épicerie sucrée>Pâtes à tartiner",
      "Condi.": "Pot PET\n280 g",
      "Disponibilité": "En stock",
      "PRODUCTEUR": "CHARLES CHOCOLARTISAN",
      "Spécificités": "Noisette",
      "Commande Fournisseurs": "FR42.0006-14/01/2022",
      "Désignation Produit": "PRALI KRÉMA NOISETTES -  PÂTE À TARTINER PRALINÉ AUX NOISETTES - Pot PET 280 g",
      "Désignation Produit 1 ligne": "PRALI KRÉMA NOISETTES -  PÂTE À TARTINER PRALINÉ AUX NOISETTES - Pot PET 280 g",
      "Unité de vente détaillée": "1 X 280 g",
      "Délais d'appro (jours) (from FOURNISSEUR)": "10",
      "Nom de la Société (from FOURNISSEUR)": "Charles Chocolartisan",
      "Descriptif Producteur (from FOURNISSEUR)": "Pâtes à tartiner sans huile de palme.  - des produits trop bons à l'intérieur - avec des ingrédients naturels et de qualité - et un brin d'histoire aussi FABRICATION 100% FRANCAISE ! Le site de production Charles Chocolartisan se situe à Civens, un petit village du département de la Loire, non loin de Saint-Etienne et de Lyon. C’est ici que les plus grands secrets tartinés sont gardés ! Toutes les recettes sont fabriquées sur le territoire ligérien par les petites mains de nos écureuils, avec des matières premières issues de l'agriculture Française, lorsque cela est rendu possible bien sûr (plutôt complexe de cultiver le cacao dans son jardin).   BIENVEILLANCE ! C'est être bienveillant envers ceux et celles qui nous entourent et faire intervenir le plus possible les acteurs locaux. C'est aussi respecter l'environnement en utilisant seulement des produits sains et naturels. Enfin, être bienveillant c'est aussi prendre soin de TA santé, et celle de tous nos gourmands avec des pâtes à tartiner sans conservateur, sans arôme artificiel, sans additif chimique et SANS HUILE DE PALME. Roland CHARLES est chocolatier artisan depuis 2005. MAITRE ARTISAN",
      "Photos Producteurs (from FOURNISSEUR)": [
        {
          "id": "attlyCwSWsJVVaZIA",
          "width": 5184,
          "height": 3456,
          "url": "https://dl.airtable.com/.attachments/6eddd894aefe0270b2280f1454e78a73/f3e491d7/Made_In_Craft_spread?ts=1654586294&userId=usrF6kLgBaja75CMj&cs=c13819b84cfaff20",
          "filename": "Made_In_Craft_spread",
          "size": 2141430,
          "type": "image/jpeg",
          "thumbnails": {
            "small": {
              "url": "https://dl.airtable.com/.attachmentThumbnails/de6c90224f0151739c12abd7467357fd/c2bc654e?ts=1654586294&userId=usrF6kLgBaja75CMj&cs=96ce4f8bf32640fc",
              "width": 54,
              "height": 36
            },
            "large": {
              "url": "https://dl.airtable.com/.attachmentThumbnails/6bd8ecb64b9e96498a2fe1ee79e6f4d0/0b0c54db?ts=1654586294&userId=usrF6kLgBaja75CMj&cs=fcfa2d0146a5093e",
              "width": 768,
              "height": 512
            },
            "full": {
              "url": "https://dl.airtable.com/.attachmentThumbnails/ae7f4fdf8b25234b63bc4bec1298a6b9/646d8ec8?ts=1654586294&userId=usrF6kLgBaja75CMj&cs=4c70505f8b89b0b4",
              "width": 3000,
              "height": 3000
            }
          }
        }
      ],
      "Label (from FOURNISSEUR)": ["Maitre Artisan"],
      "LABEL LOGO (from FOURNISSEUR)": [
        {
          "id": "atteoANboPg1rt7qO",
          "width": 500,
          "height": 500,
          "url": "https://dl.airtable.com/.attachments/1666ef036bbf7ef0f736298627086a50/e835b947/d11187.png?ts=1654586294&userId=usrF6kLgBaja75CMj&cs=940682eef8138829",
          "filename": "d11187.png",
          "size": 24032,
          "type": "image/png",
          "thumbnails": {
            "small": {
              "url": "https://dl.airtable.com/.attachmentThumbnails/f4f7d5dbba88423af7f3d4db934f11bb/c318ffd2?ts=1654586294&userId=usrF6kLgBaja75CMj&cs=cc6c831b7b19ce6e",
              "width": 36,
              "height": 36
            },
            "large": {
              "url": "https://dl.airtable.com/.attachmentThumbnails/cc82b4b4a4afecd526f70be6b662d042/45f6edb2?ts=1654586294&userId=usrF6kLgBaja75CMj&cs=d98956868f0bdab5",
              "width": 500,
              "height": 500
            },
            "full": {
              "url": "https://dl.airtable.com/.attachmentThumbnails/e814e533d08305a5ca64aa5ee51b3c2c/8aa2f1a8?ts=1654586294&userId=usrF6kLgBaja75CMj&cs=5873acc6a6e85048",
              "width": 3000,
              "height": 3000
            }
          }
        }
      ],
      "Département (from FOURNISSEUR)": ["LOIRE"],
      "Code Postal (from FOURNISSEUR)": "42110",
      "Ville (from FOURNISSEUR)": "CIVENS",
      "STOCK DISPO (from Passerelle Stock vers BDD Produits/Producteurs)": "4",
      "Import CSV Shopify": "FR42.0006.01340",
      "Localisation (from FOURNISSEUR)": "42110 - CIVENS - LOIRE"
    },
    "name": "PRALI KRÉMA NOISETTES -  Pâte à tartiner Praliné aux noisettes",
    "weight": "Pot PET 280 g",
    "price": "4.00",
    "pricePerKg": "14.29",
    "stock": "En stock",
    "picture": "https://dl.airtable.com/.attachments/f0a4782adeb05e2b9fbbf04d88133381/257c155f/951867-47cde464387d4e.jpg?ts=1654586294&userId=usrF6kLgBaja75CMj&cs=dcf1f42e59f67551"
  },
  {
    "id": "recLtppgtrsFpG8s0",
    "info": {
      "Code Produit QotQot": "FR73.0001.00222",
      "FOURNISSEUR": "Conserverie des Alpes",
      "Produit": "Duo Poivrons et Tomates séchées",
      "Catégorie": ["Épicerie salée"],
      "Type": ["Tartinables"],
      "Spécificité": "Légumes",
      "Statut": "Référencé",
      "Dispo": "En stock",
      "Prix d'achat unitaire €HT": 3.59,
      "Descriptif Produit": "Un duo méditerranéen qui mêle la tomate et les poivrons\nDes gressins à tremper et à déguster par petites bouchées en fond sauce pour accompagner un rôti.\n\nComposition : poivrons , tomates séchées , huile d’olive extra vierge, ail, sel de Guérande\nPoids net : 180G",
      "Image produits sans fond": [
        {
          "id": "attI0KaVqB9tQaI4t",
          "width": 500,
          "height": 500,
          "url": "https://dl.airtable.com/.attachments/2a05b1be4f11c8279ab24c6dfc08f9b8/4bbd973a/duo-poivrons-tomates-removebg-preview.png?ts=1654586294&userId=usrF6kLgBaja75CMj&cs=aa3765c107bbfdbd",
          "filename": "duo-poivrons-tomates-removebg-preview.png",
          "size": 248276,
          "type": "image/png",
          "thumbnails": {
            "small": {
              "url": "https://dl.airtable.com/.attachmentThumbnails/b93c3c498633ee65c5f30923840ef3fe/8f0d18d1?ts=1654586294&userId=usrF6kLgBaja75CMj&cs=57aded9fb13b5b70",
              "width": 36,
              "height": 36
            },
            "large": {
              "url": "https://dl.airtable.com/.attachmentThumbnails/a43bddc9389786b2ac5b711132d42526/4c9e2856?ts=1654586294&userId=usrF6kLgBaja75CMj&cs=65f56992f7bfa07e",
              "width": 500,
              "height": 500
            },
            "full": {
              "url": "https://dl.airtable.com/.attachmentThumbnails/1ec8532302efbaa673583087b11e838c/bf153ccd?ts=1654586294&userId=usrF6kLgBaja75CMj&cs=6ca6412ec7d1c91d",
              "width": 3000,
              "height": 3000
            }
          }
        }
      ],
      "EAN 13": { "text": "3770013202162" },
      "DDM (mois)": 36,
      "UVC - Conditionnement": "bocal verre",
      "UVC - Poids/vol": 180,
      "UVC - Unité": "g",
      "Prix d'achat kg/g/L €HT": 19.944444444444446,
      "Unité d'achat(X*UV)": 12,
      "Tx TVA": 0.055,
      "Produit Pro": true,
      "Produit Particulier": true,
      "Tarif Particulier TTC": 6.059919999999999,
      "numéro": 222,
      "Code Fournisseur (from Fournisseurs)": "FR73.0001",
      "Département (from Coordonnées Sociétés)": ["SAVOIE"],
      "Franco €": "€450",
      "DESIGNATION": "DUO POIVRONS ET TOMATES SÉCHÉES",
      "Conditionnement": "bocal verre 180 g",
      "Tarif Pro (HT)": 5.385,
      "Tarif Pro (HT) au Kg/L": 29.916666666666664,
      "Unité Vente": 1,
      "Tarif Particulier TTC Arrondi": 6.1000000000000005,
      "Image produits avec fond": [
        {
          "id": "attqsLMrykXBPIf00",
          "width": 600,
          "height": 600,
          "url": "https://dl.airtable.com/.attachments/062fd54d1066bb00f834aebf64d3e463/26204861/duo-poivrons-tomates.jpg?ts=1654586294&userId=usrF6kLgBaja75CMj&cs=a588e209d41e2674",
          "filename": "duo-poivrons-tomates.jpg",
          "size": 40304,
          "type": "image/jpeg",
          "thumbnails": {
            "small": {
              "url": "https://dl.airtable.com/.attachmentThumbnails/675a7d1c99d1d7333f202237c8554591/9c5a9a58?ts=1654586294&userId=usrF6kLgBaja75CMj&cs=0c50900c1a0e2f0c",
              "width": 36,
              "height": 36
            },
            "large": {
              "url": "https://dl.airtable.com/.attachmentThumbnails/c58d886a8e01bc0b25605a4c43ab1d7d/41c767e5?ts=1654586294&userId=usrF6kLgBaja75CMj&cs=859afd1c7455346b",
              "width": 512,
              "height": 512
            },
            "full": {
              "url": "https://dl.airtable.com/.attachmentThumbnails/0e9e219ca72b8b4b20d324588787800d/0f6b48b3?ts=1654586294&userId=usrF6kLgBaja75CMj&cs=17171a89779241c6",
              "width": 3000,
              "height": 3000
            }
          }
        }
      ],
      "Nom complet Produit pour formulaire de Mouvement de Stock": "bocal verre 180 g-DUO POIVRONS ET TOMATES SÉCHÉES//Conserverie des Alpes//FR73.0001.00222",
      "Prix de vente € TTC conseillé": 5.9,
      "Prix de vente typeform € TTC": 6.7,
      "DESIGNATION TYPEFORM": "Duo Poivrons et Tomates séchées - 180g -  // 6.70€",
      "Hypothèse 15% marge px pro": 6.683735294117646,
      "Idée Recette": "A consommer simplement avec des gressins à tremper et à déguster par petites bouchées.  Utiliser en fond sauce pour accompagner un rôti.",
      "CATEGORIE/TYPE": "Épicerie salée>Tartinables",
      "Condi.": "bocal verre\n180 g",
      "Disponibilité": "En stock",
      "PRODUCTEUR": "CONSERVERIE DES ALPES",
      "Spécificités": "Légumes",
      "Commande Fournisseurs": "FR73.0001-07/03/2022, FR73.0001-06/04/2022",
      "Désignation Produit": "DUO POIVRONS ET TOMATES SÉCHÉES - bocal verre 180 g",
      "Désignation Produit 1 ligne": "DUO POIVRONS ET TOMATES SÉCHÉES - bocal verre 180 g",
      "Unité de vente détaillée": "1 X 180 g",
      "Délais d'appro (jours) (from FOURNISSEUR)": "21",
      "Nom de la Société (from FOURNISSEUR)": "Conserverie des Alpes",
      "Descriptif Producteur (from FOURNISSEUR)": "Nous avons créé la Conserverie des Alpes avec l’ambition de vous apporter plaisirs gustatifs et convivialité. C’est pourquoi, jour après jour, dans notre atelier situé entre Chambery et Grenoble, nous cuisinons nos recettes avec des produits de qualité et dans la tradition . Nous privilégions la vente dans les magasins proches de chez-vous, mais comme nous ne pouvons être « devant l’autoclave et sur les routes « , ce site permet au plus grand nombre de découvrir nos produits. Parce que c’est bon d’être gourmands !",
      "Photos Producteurs (from FOURNISSEUR)": [
        {
          "id": "attjcF2CJtWLGkjEK",
          "width": 512,
          "height": 728,
          "url": "https://dl.airtable.com/.attachments/32b29f93de66665409977112ba217470/e38b3484/Createurs-CDA.jpg?ts=1654586294&userId=usrF6kLgBaja75CMj&cs=ee52e17ce7e2d33b",
          "filename": "Createurs-CDA.jpg",
          "size": 43813,
          "type": "image/jpeg",
          "thumbnails": {
            "small": {
              "url": "https://dl.airtable.com/.attachmentThumbnails/ed10470eb20d1d076185c8c8af8c5f45/78397610?ts=1654586294&userId=usrF6kLgBaja75CMj&cs=db881180be934211",
              "width": 25,
              "height": 36
            },
            "large": {
              "url": "https://dl.airtable.com/.attachmentThumbnails/44c4acd035b550bbf875ea8452bae033/efe31b06?ts=1654586294&userId=usrF6kLgBaja75CMj&cs=108131636cbd9af8",
              "width": 512,
              "height": 728
            },
            "full": {
              "url": "https://dl.airtable.com/.attachmentThumbnails/df1bf8335b9e56bdaed5b79d079fa35c/9ee4a76a?ts=1654586294&userId=usrF6kLgBaja75CMj&cs=1d96d85a461781a0",
              "width": 3000,
              "height": 3000
            }
          }
        }
      ],
      "Label (from FOURNISSEUR)": ["CCF", "La région du goût", "Artisan"],
      "LABEL LOGO (from FOURNISSEUR)": [
        {
          "id": "attcurDrdzv3WKzgX",
          "width": 300,
          "height": 425,
          "url": "https://dl.airtable.com/.attachments/10facc442036878f053ebf722b1343f6/2a15cee3/plaque-paq.png?ts=1654586294&userId=usrF6kLgBaja75CMj&cs=080b49b6a7ea772d",
          "filename": "plaque-paq.png",
          "size": 138645,
          "type": "image/png",
          "thumbnails": {
            "small": {
              "url": "https://dl.airtable.com/.attachmentThumbnails/38371e0c27d08b60b7aca3de929bcf3e/e0b6290c?ts=1654586294&userId=usrF6kLgBaja75CMj&cs=cebbfc385f1e5d77",
              "width": 25,
              "height": 36
            },
            "large": {
              "url": "https://dl.airtable.com/.attachmentThumbnails/b92f3ffee601e21d2439f0ae4fa81bb4/44090614?ts=1654586294&userId=usrF6kLgBaja75CMj&cs=149ca51a9ec96106",
              "width": 300,
              "height": 425
            },
            "full": {
              "url": "https://dl.airtable.com/.attachmentThumbnails/42abe8cd9a52bb00677ca947e8e9a8a5/00a1acb8?ts=1654586294&userId=usrF6kLgBaja75CMj&cs=cdebeaaf190cc367",
              "width": 3000,
              "height": 3000
            }
          }
        },
        {
          "id": "attoI3DHRMHpznywN",
          "width": 800,
          "height": 800,
          "url": "https://dl.airtable.com/.attachments/4a3bae4d1814fec4e2ffde387cfae864/e41f1169/logos_La_region_du_Gout-03.jpg?ts=1654586294&userId=usrF6kLgBaja75CMj&cs=4dc6d95a4ce079da",
          "filename": "logos_La_region_du_Gout-03.jpg",
          "size": 70362,
          "type": "image/jpeg",
          "thumbnails": {
            "small": {
              "url": "https://dl.airtable.com/.attachmentThumbnails/3da61959bea884f02da3cdce1fcad559/688c5670?ts=1654586294&userId=usrF6kLgBaja75CMj&cs=60033a06bfbd7bb3",
              "width": 36,
              "height": 36
            },
            "large": {
              "url": "https://dl.airtable.com/.attachmentThumbnails/751437f5a1d06e5f36486efc1724af78/fe52cc4d?ts=1654586294&userId=usrF6kLgBaja75CMj&cs=c5147a277ddd54c8",
              "width": 512,
              "height": 512
            },
            "full": {
              "url": "https://dl.airtable.com/.attachmentThumbnails/a2bcbbeedac491f72e167235b1dc60ca/750a3d80?ts=1654586294&userId=usrF6kLgBaja75CMj&cs=19671c8c51d3fbc9",
              "width": 3000,
              "height": 3000
            }
          }
        },
        {
          "id": "attSI3KuvyR9WvChA",
          "width": 820,
          "height": 527,
          "url": "https://dl.airtable.com/.attachments/af20cec29a0ddcc368c0355ce52e7e8a/12cde9a3/Artisan_Logo_Image_Handicraft_PNG_1271x817px_Artisan_Area_Art_...?ts=1654586294&userId=usrF6kLgBaja75CMj&cs=9b3483ea535204b5",
          "filename": "Artisan_Logo_Image_Handicraft_PNG_1271x817px_Artisan_Area_Art_...",
          "size": 45959,
          "type": "image/jpeg",
          "thumbnails": {
            "small": {
              "url": "https://dl.airtable.com/.attachmentThumbnails/b7ba114a701b90f3cd85ad2577cd9a01/328d53c9?ts=1654586294&userId=usrF6kLgBaja75CMj&cs=5fc3883162e2d7c0",
              "width": 56,
              "height": 36
            },
            "large": {
              "url": "https://dl.airtable.com/.attachmentThumbnails/13ecb8c937681cd9299eff7240b57ba0/435556c6?ts=1654586294&userId=usrF6kLgBaja75CMj&cs=75dee0e852932cb0",
              "width": 797,
              "height": 512
            },
            "full": {
              "url": "https://dl.airtable.com/.attachmentThumbnails/da825dab455a5dda70c6e43dd599ee46/890ebc41?ts=1654586294&userId=usrF6kLgBaja75CMj&cs=29d3c522557a6ecf",
              "width": 3000,
              "height": 3000
            }
          }
        }
      ],
      "Département (from FOURNISSEUR)": ["SAVOIE"],
      "Code Postal (from FOURNISSEUR)": "73230",
      "Ville (from FOURNISSEUR)": " VEREL PRAGONDRAN",
      "STOCK DISPO (from Passerelle Stock vers BDD Produits/Producteurs)": "20",
      "Import CSV Shopify": "FR73.0001.00222",
      "Localisation (from FOURNISSEUR)": "73230 -  VEREL PRAGONDRAN - SAVOIE"
    },
    "name": "Duo Poivrons et Tomates séchées",
    "weight": "bocal verre 180 g",
    "price": "3.59",
    "pricePerKg": "19.94",
    "stock": "En stock",
    "picture": "https://dl.airtable.com/.attachments/2a05b1be4f11c8279ab24c6dfc08f9b8/4bbd973a/duo-poivrons-tomates-removebg-preview.png?ts=1654586294&userId=usrF6kLgBaja75CMj&cs=aa3765c107bbfdbd"
  },
  {
    "id": "recMP8Pax6ATiB0bs",
    "info": {
      "Code Produit QotQot": "FR26.0019.01289",
      "FOURNISSEUR": "Provence Alpes",
      "Produit": "Sauce BBQ",
      "Catégorie": ["Épicerie salée"],
      "Type": ["Sauces"],
      "Spécificité": "Barbecue",
      "Statut": "Référencé",
      "Dispo": "En stock",
      "Prix d'achat unitaire €HT": 1.48,
      "Descriptif Produit": "Ingrédients : ketchup 75,8% (eau, concentré de tomates, sirop de glucose-fructose, vinaigre, sucre, amidon modifié, sel, extrait d’épice, épice),sucre, sauce soja(eau, graines de soja dégraissées, blé, sel, alcool), vinaigre balsamique ( sulfites), cacao, amidon de riz, vinaigre d’alcool, 4 épices, cumin, curry (moutarde), muscade, cannelle, arôme, arôme, fumée, conservateur acide sorbique.\nAllergènes présents dans le produit : gluten, soja, moutarde, sulfite",
      "Image produits sans fond": [
        {
          "id": "attKw7vQzTNzrBl8c",
          "width": 408,
          "height": 612,
          "url": "https://dl.airtable.com/.attachments/978b358911a1608d52f00dd48048395c/5441b83e/Photos_BB_squeeze_BBQ_recto-removebg-preview.png?ts=1654586294&userId=usrF6kLgBaja75CMj&cs=1c062ccee5635f03",
          "filename": "Photos_BB_squeeze_BBQ_recto-removebg-preview.png",
          "size": 180414,
          "type": "image/png",
          "thumbnails": {
            "small": {
              "url": "https://dl.airtable.com/.attachmentThumbnails/226cd34a9ff88f6671087366d41db90b/7ff807b4?ts=1654586294&userId=usrF6kLgBaja75CMj&cs=efa5bdaeba1781e5",
              "width": 24,
              "height": 36
            },
            "large": {
              "url": "https://dl.airtable.com/.attachmentThumbnails/87ce531aa0de8ff091ff0b9e6b701d03/c15a9689?ts=1654586294&userId=usrF6kLgBaja75CMj&cs=333791ccc9160884",
              "width": 408,
              "height": 612
            },
            "full": {
              "url": "https://dl.airtable.com/.attachmentThumbnails/3efd4bdb9614afd45c892206a79eb78f/3259f85b?ts=1654586294&userId=usrF6kLgBaja75CMj&cs=8e91aa6ac9bc8e34",
              "width": 3000,
              "height": 3000
            }
          }
        }
      ],
      "UVC - Conditionnement": "squeeze",
      "UVC - Poids/vol": 300,
      "UVC - Unité": "g",
      "Prix d'achat kg/g/L €HT": 4.933333333333333,
      "Unité d'achat(X*UV)": 12,
      "Tx TVA": 0.055,
      "Produit Pro": true,
      "Produit Particulier": true,
      "Tarif Particulier TTC": 2.4982399999999996,
      "numéro": 1289,
      "Code Fournisseur (from Fournisseurs)": "FR26.0019",
      "Département (from Coordonnées Sociétés)": ["DRÔME"],
      "DESIGNATION": "SAUCE BBQ",
      "Conditionnement": "squeeze 300 g",
      "Tarif Pro (HT)": 2.2199999999999998,
      "Tarif Pro (HT) au Kg/L": 7.3999999999999995,
      "Unité Vente": 1,
      "Tarif Particulier TTC Arrondi": 2.5,
      "Image produits avec fond": [
        {
          "id": "attieYaJDJlC1C08a",
          "width": 408,
          "height": 613,
          "url": "https://dl.airtable.com/.attachments/3194150c8f8a1d0e4b25a415663d929b/d4ca21a4/PhotosBBsqueeze_BBQrecto.jpg?ts=1654586294&userId=usrF6kLgBaja75CMj&cs=70045e69643e9791",
          "filename": "Photos BB squeeze_BBQ recto.jpg",
          "size": 27145,
          "type": "image/jpeg",
          "thumbnails": {
            "small": {
              "url": "https://dl.airtable.com/.attachmentThumbnails/b3ec608b6fe233f9011a557781475d91/da73d44d?ts=1654586294&userId=usrF6kLgBaja75CMj&cs=b1ff6632afc67808",
              "width": 24,
              "height": 36
            },
            "large": {
              "url": "https://dl.airtable.com/.attachmentThumbnails/ef44cd183bf45322361d894d9f85fb9c/80f17663?ts=1654586294&userId=usrF6kLgBaja75CMj&cs=6dbb213347b58ad0",
              "width": 408,
              "height": 613
            },
            "full": {
              "url": "https://dl.airtable.com/.attachmentThumbnails/180184d28026c91bf9ed501ec47f4195/b9520221?ts=1654586294&userId=usrF6kLgBaja75CMj&cs=95376b3b8c20c85b",
              "width": 3000,
              "height": 3000
            }
          }
        }
      ],
      "Nom complet Produit pour formulaire de Mouvement de Stock": "squeeze 300 g-SAUCE BBQ//Provence Alpes//FR26.0019.01289",
      "Prix de vente typeform € TTC": 3.4,
      "DESIGNATION TYPEFORM": "Sauce BBQ - 300g -  // 3.40€",
      "Hypothèse 15% marge px pro": 2.755411764705882,
      "CATEGORIE/TYPE": "Épicerie salée>Sauces",
      "Condi.": "squeeze\n300 g",
      "Disponibilité": "En stock",
      "PRODUCTEUR": "PROVENCE ALPES",
      "Spécificités": "Barbecue",
      "Désignation Produit": "SAUCE BBQ - squeeze 300 g",
      "Désignation Produit 1 ligne": "SAUCE BBQ - squeeze 300 g",
      "Unité de vente détaillée": "1 X 300 g",
      "Délais d'appro (jours) (from FOURNISSEUR)": "10",
      "Nom de la Société (from FOURNISSEUR)": "Provence Alpes",
      "Descriptif Producteur (from FOURNISSEUR)": "Provence Alpes   L’histoire de Provence Alpes débute avec Monsieur Claude DIEMOZ qui a œuvré au niveau national à la création de l’Institut ITEIPMAI. Également producteur de plantes aromatiques, il a créé la société GEL’PAM (1992), dont l’activité est la surgélation de plantes aromatiques cultivées en Drôme (premier département Français producteur de plantes aromatiques).  La société Provence Alpes est implantée au cœur de la Drôme depuis plus de 20 ans. Son objectif est d’élaborer les meilleures sauces et aides culinaires afin de satisfaire au mieux les exigences de ses clients. Ses produits sont réalisés à partir de matières premières, rigoureusement sélectionnées et en privilégiant les origines locales du premier département Français producteur de plantes aromatiques. La satisfaction des clients est une priorité pour Provence Alpes. Pour ce faire, l’entreprise fait preuve d’une grande réactivité face à la demande. Forte de son expérience en matière de création de recettes, la société Provence Alpes est à même de vous proposer une large gamme de produits. Elle peut vous aider à élaborer et fabriquer vos propres formules et à adapter des recettes à vos besoins.",
      "Photos Producteurs (from FOURNISSEUR)": [
        {
          "id": "attRVuNQ27ZQ1h630",
          "width": 450,
          "height": 332,
          "url": "https://dl.airtable.com/.attachments/71d722d4f2004abe534ec162be51abd2/cce3870b/CDIEMOZ.png?ts=1654586294&userId=usrF6kLgBaja75CMj&cs=d815af8bf708af02",
          "filename": "CDIEMOZ.png",
          "size": 333867,
          "type": "image/png",
          "thumbnails": {
            "small": {
              "url": "https://dl.airtable.com/.attachmentThumbnails/104b46b4147bd61450a405fbeef809b3/e94b27d9?ts=1654586294&userId=usrF6kLgBaja75CMj&cs=d09556c9e0d64dd3",
              "width": 49,
              "height": 36
            },
            "large": {
              "url": "https://dl.airtable.com/.attachmentThumbnails/ad310d2e471214c1c6d78c12cbb15657/ec767575?ts=1654586294&userId=usrF6kLgBaja75CMj&cs=0a89f85a99730bc2",
              "width": 450,
              "height": 332
            },
            "full": {
              "url": "https://dl.airtable.com/.attachmentThumbnails/720280978ef0b142a25e24a3d7ddd97d/d83adc28?ts=1654586294&userId=usrF6kLgBaja75CMj&cs=d50b9fb9662c7558",
              "width": 3000,
              "height": 3000
            }
          }
        }
      ],
      "Label (from FOURNISSEUR)": ["AB"],
      "LABEL LOGO (from FOURNISSEUR)": [
        {
          "id": "atthdViQyZ14LUu8l",
          "width": 1335,
          "height": 606,
          "url": "https://dl.airtable.com/.attachments/0d38d4bd251d74a58a370972d36e2d16/bbd1e6dd/Capture-2.png?ts=1654586294&userId=usrF6kLgBaja75CMj&cs=5613e82b554bf6db",
          "filename": "Capture-2.png",
          "size": 105113,
          "type": "image/png",
          "thumbnails": {
            "small": {
              "url": "https://dl.airtable.com/.attachmentThumbnails/d29e6895f30966e9dd650c26d42c694c/528b8acc?ts=1654586294&userId=usrF6kLgBaja75CMj&cs=4a7960b96ffd4eb6",
              "width": 79,
              "height": 36
            },
            "large": {
              "url": "https://dl.airtable.com/.attachmentThumbnails/43bc2d03176c12b59a06a15126d895c5/2d781fa8?ts=1654586294&userId=usrF6kLgBaja75CMj&cs=2d8a117035c3edfd",
              "width": 1128,
              "height": 512
            },
            "full": {
              "url": "https://dl.airtable.com/.attachmentThumbnails/c10f50df2e56d08c78870d0f258cabc7/c7210777?ts=1654586294&userId=usrF6kLgBaja75CMj&cs=bd975310d2340565",
              "width": 3000,
              "height": 3000
            }
          }
        }
      ],
      "Département (from FOURNISSEUR)": ["DRÔME"],
      "Code Postal (from FOURNISSEUR)": "26270",
      "Ville (from FOURNISSEUR)": "Saulce sur Rhône",
      "STOCK DISPO (from Passerelle Stock vers BDD Produits/Producteurs)": "12",
      "Import CSV Shopify": "FR26.0019.01289",
      "Localisation (from FOURNISSEUR)": "26270 - SAULCE SUR RHÔNE - DRÔME"
    },
    "name": "Sauce BBQ",
    "weight": "squeeze 300 g",
    "price": "1.48",
    "pricePerKg": "4.93",
    "stock": "En stock",
    "picture": "https://dl.airtable.com/.attachments/978b358911a1608d52f00dd48048395c/5441b83e/Photos_BB_squeeze_BBQ_recto-removebg-preview.png?ts=1654586294&userId=usrF6kLgBaja75CMj&cs=1c062ccee5635f03"
  },
  {
    "id": "recMpjhDHw3hoexKT",
    "info": {
      "Code Produit QotQot": "FR42.0006.01525",
      "FOURNISSEUR": "Charles Chocolartisan",
      "Produit": "CHOCOLAOLAIT - Tablette de chocolat au lait - 47%",
      "Catégorie": ["Épicerie sucrée"],
      "Type": ["Chocolats"],
      "Spécificité": "Au lait",
      "Statut": "Référencé",
      "Dispo": "En stock",
      "Prix d'achat unitaire €HT": 3.5,
      "Descriptif Produit": "La ligne imaginaire de l'Equateur partage le monde en 2. Notre tablette de chocolat au lait pure origine Equateur réunit le monde autour de la gourmandise ! Une merveille de tablette à la fois douce et chocolatée ! Une vraie découverte gourmande !\n\nIngrédients\nMasse de cacao (pâte de cacao, beurre de cacao) 47%, sucre français, lait écrémé français 16%, lécithine de tournesol, vanille de Madagascar. Cette tablette est fabriquée dans notre petit atelier, peut contenir des traces de lait, fruits à coques, d'arachides et de gluten.",
      "Image produits sans fond": [
        {
          "id": "atttAoNk8HIubsZcd",
          "width": 259,
          "height": 439,
          "url": "https://dl.airtable.com/.attachments/31cdf4e28c42a7dd7912ed1b8b2930ff/4f43b115/chocolat_au_lait.png?ts=1654586294&userId=usrF6kLgBaja75CMj&cs=2fbbca9c99562471",
          "filename": "chocolat_au_lait.png",
          "size": 139051,
          "type": "image/png",
          "thumbnails": {
            "small": {
              "url": "https://dl.airtable.com/.attachmentThumbnails/bc2b28b1574d4516c8aec8113a6f6ec7/8eecb751?ts=1654586294&userId=usrF6kLgBaja75CMj&cs=e8b1334856187527",
              "width": 21,
              "height": 36
            },
            "large": {
              "url": "https://dl.airtable.com/.attachmentThumbnails/eb3ed10097f511eac471f83ee8e38378/3058ed8e?ts=1654586294&userId=usrF6kLgBaja75CMj&cs=6eb9281375de24cc",
              "width": 259,
              "height": 439
            },
            "full": {
              "url": "https://dl.airtable.com/.attachmentThumbnails/a1bb2dcc2c6d87cb160de0a31463cc90/0c463660?ts=1654586294&userId=usrF6kLgBaja75CMj&cs=f9e950f3c0aaebac",
              "width": 3000,
              "height": 3000
            }
          }
        }
      ],
      "DDM (mois)": 12,
      "UVC - Conditionnement": "tablette",
      "UVC - Poids/vol": 80,
      "UVC - Unité": "g",
      "Prix d'achat kg/g/L €HT": 43.75,
      "Unité d'achat(X*UV)": 10,
      "Tx TVA": 0.055,
      "Produit Pro": true,
      "Produit Particulier": true,
      "Tarif Particulier TTC": 5.908,
      "numéro": 1525,
      "Code Fournisseur (from Fournisseurs)": "FR42.0006",
      "Département (from Coordonnées Sociétés)": ["LOIRE"],
      "Franco €": "€250",
      "DESIGNATION": "CHOCOLAOLAIT - TABLETTE DE CHOCOLAT AU LAIT - 47%",
      "Conditionnement": "tablette 80 g",
      "Tarif Pro (HT)": 5.25,
      "Tarif Pro (HT) au Kg/L": 65.625,
      "Unité Vente": 1,
      "Tarif Particulier TTC Arrondi": 6,
      "Image produits avec fond": [
        {
          "id": "attnXeVjsEz7JJ3Fg",
          "width": 1081,
          "height": 1081,
          "url": "https://dl.airtable.com/.attachments/3bc1d6e862925b8a595a202693c3a499/da65a6df/1422989-47d62aad4cac82.jpg?ts=1654586294&userId=usrF6kLgBaja75CMj&cs=167255f1b8d17946",
          "filename": "1422989-47d62aad4cac82.jpg",
          "size": 73876,
          "type": "image/jpeg",
          "thumbnails": {
            "small": {
              "url": "https://dl.airtable.com/.attachmentThumbnails/c2cf02801f6751317a713f391824bdfe/854d3bd9?ts=1654586294&userId=usrF6kLgBaja75CMj&cs=daa430f2874db7cd",
              "width": 36,
              "height": 36
            },
            "large": {
              "url": "https://dl.airtable.com/.attachmentThumbnails/07dbbcd6f2c46ca40b66884413136395/033f94cc?ts=1654586294&userId=usrF6kLgBaja75CMj&cs=34dd8ad2e4cc06a4",
              "width": 512,
              "height": 512
            },
            "full": {
              "url": "https://dl.airtable.com/.attachmentThumbnails/2c706c9bc8038f82b591ce177e900f57/bee6161b?ts=1654586294&userId=usrF6kLgBaja75CMj&cs=2bb09cdef933903c",
              "width": 3000,
              "height": 3000
            }
          }
        }
      ],
      "Nom complet Produit pour formulaire de Mouvement de Stock": "tablette 80 g-CHOCOLAOLAIT - TABLETTE DE CHOCOLAT AU LAIT - 47%//Charles Chocolartisan//FR42.0006.01525",
      "Prix de vente € TTC conseillé": 7,
      "Prix de vente typeform € TTC": 5.9,
      "DESIGNATION TYPEFORM": "CHOCOLAOLAIT - Tablette de chocolat au lait - 47% - 80g -  // 5.90€",
      "Hypothèse 15% marge px pro": 6.516176470588235,
      "CATEGORIE/TYPE": "Épicerie sucrée>Chocolats",
      "Condi.": "tablette\n80 g",
      "Disponibilité": "En stock",
      "PRODUCTEUR": "CHARLES CHOCOLARTISAN",
      "Spécificités": "Au lait",
      "Commande Fournisseurs": "FR42.0006-14/03/2022",
      "Désignation Produit": "CHOCOLAOLAIT - TABLETTE DE CHOCOLAT AU LAIT - 47% - tablette 80 g",
      "Désignation Produit 1 ligne": "CHOCOLAOLAIT - TABLETTE DE CHOCOLAT AU LAIT - 47% - tablette 80 g",
      "Unité de vente détaillée": "1 X 80 g",
      "Délais d'appro (jours) (from FOURNISSEUR)": "10",
      "Nom de la Société (from FOURNISSEUR)": "Charles Chocolartisan",
      "Descriptif Producteur (from FOURNISSEUR)": "Pâtes à tartiner sans huile de palme.  - des produits trop bons à l'intérieur - avec des ingrédients naturels et de qualité - et un brin d'histoire aussi FABRICATION 100% FRANCAISE ! Le site de production Charles Chocolartisan se situe à Civens, un petit village du département de la Loire, non loin de Saint-Etienne et de Lyon. C’est ici que les plus grands secrets tartinés sont gardés ! Toutes les recettes sont fabriquées sur le territoire ligérien par les petites mains de nos écureuils, avec des matières premières issues de l'agriculture Française, lorsque cela est rendu possible bien sûr (plutôt complexe de cultiver le cacao dans son jardin).   BIENVEILLANCE ! C'est être bienveillant envers ceux et celles qui nous entourent et faire intervenir le plus possible les acteurs locaux. C'est aussi respecter l'environnement en utilisant seulement des produits sains et naturels. Enfin, être bienveillant c'est aussi prendre soin de TA santé, et celle de tous nos gourmands avec des pâtes à tartiner sans conservateur, sans arôme artificiel, sans additif chimique et SANS HUILE DE PALME. Roland CHARLES est chocolatier artisan depuis 2005. MAITRE ARTISAN",
      "Photos Producteurs (from FOURNISSEUR)": [
        {
          "id": "attlyCwSWsJVVaZIA",
          "width": 5184,
          "height": 3456,
          "url": "https://dl.airtable.com/.attachments/6eddd894aefe0270b2280f1454e78a73/f3e491d7/Made_In_Craft_spread?ts=1654586294&userId=usrF6kLgBaja75CMj&cs=c13819b84cfaff20",
          "filename": "Made_In_Craft_spread",
          "size": 2141430,
          "type": "image/jpeg",
          "thumbnails": {
            "small": {
              "url": "https://dl.airtable.com/.attachmentThumbnails/de6c90224f0151739c12abd7467357fd/c2bc654e?ts=1654586294&userId=usrF6kLgBaja75CMj&cs=96ce4f8bf32640fc",
              "width": 54,
              "height": 36
            },
            "large": {
              "url": "https://dl.airtable.com/.attachmentThumbnails/6bd8ecb64b9e96498a2fe1ee79e6f4d0/0b0c54db?ts=1654586294&userId=usrF6kLgBaja75CMj&cs=fcfa2d0146a5093e",
              "width": 768,
              "height": 512
            },
            "full": {
              "url": "https://dl.airtable.com/.attachmentThumbnails/ae7f4fdf8b25234b63bc4bec1298a6b9/646d8ec8?ts=1654586294&userId=usrF6kLgBaja75CMj&cs=4c70505f8b89b0b4",
              "width": 3000,
              "height": 3000
            }
          }
        }
      ],
      "Label (from FOURNISSEUR)": ["Maitre Artisan"],
      "LABEL LOGO (from FOURNISSEUR)": [
        {
          "id": "atteoANboPg1rt7qO",
          "width": 500,
          "height": 500,
          "url": "https://dl.airtable.com/.attachments/1666ef036bbf7ef0f736298627086a50/e835b947/d11187.png?ts=1654586294&userId=usrF6kLgBaja75CMj&cs=940682eef8138829",
          "filename": "d11187.png",
          "size": 24032,
          "type": "image/png",
          "thumbnails": {
            "small": {
              "url": "https://dl.airtable.com/.attachmentThumbnails/f4f7d5dbba88423af7f3d4db934f11bb/c318ffd2?ts=1654586294&userId=usrF6kLgBaja75CMj&cs=cc6c831b7b19ce6e",
              "width": 36,
              "height": 36
            },
            "large": {
              "url": "https://dl.airtable.com/.attachmentThumbnails/cc82b4b4a4afecd526f70be6b662d042/45f6edb2?ts=1654586294&userId=usrF6kLgBaja75CMj&cs=d98956868f0bdab5",
              "width": 500,
              "height": 500
            },
            "full": {
              "url": "https://dl.airtable.com/.attachmentThumbnails/e814e533d08305a5ca64aa5ee51b3c2c/8aa2f1a8?ts=1654586294&userId=usrF6kLgBaja75CMj&cs=5873acc6a6e85048",
              "width": 3000,
              "height": 3000
            }
          }
        }
      ],
      "Département (from FOURNISSEUR)": ["LOIRE"],
      "Code Postal (from FOURNISSEUR)": "42110",
      "Ville (from FOURNISSEUR)": "CIVENS",
      "STOCK DISPO (from Passerelle Stock vers BDD Produits/Producteurs)": "8",
      "Import CSV Shopify": "FR42.0006.01525",
      "Localisation (from FOURNISSEUR)": "42110 - CIVENS - LOIRE"
    },
    "name": "CHOCOLAOLAIT - Tablette de chocolat au lait - 47%",
    "weight": "tablette 80 g",
    "price": "3.50",
    "pricePerKg": "43.75",
    "stock": "En stock",
    "picture": "https://dl.airtable.com/.attachments/31cdf4e28c42a7dd7912ed1b8b2930ff/4f43b115/chocolat_au_lait.png?ts=1654586294&userId=usrF6kLgBaja75CMj&cs=2fbbca9c99562471"
  },
  {
    "id": "recNWeuAmuSqZTTUv",
    "info": {
      "Code Produit QotQot": "FR01.0007.00714",
      "FOURNISSEUR": "Max Daumin",
      "Produit": "Coffret Vin Chaud",
      "Catégorie": ["Épicerie salée"],
      "Type": ["Epices"],
      "Spécificité": "Epices moulues",
      "Statut": "Référencé",
      "Dispo": "En stock",
      "Prix d'achat unitaire €HT": 2.95,
      "Descriptif Produit": "Le mélange vin chaud est puissant et aromatique. Il se compose de cinq épices : la cannelle de Ceylan, l’anis étoilé, le clou de girofle, le gingembre et le combava qui amènera les notes d’agrumes citronnées et orangées.\nChaque épice est directement sélectionnée auprès de nos producteurs, pas d’intermédiaire. Toute la chaleur de cet assemblage est chaleureusement préservée en berlingot.",
      "Image produits sans fond": [
        {
          "id": "att0orsz043EESiWa",
          "width": 281,
          "height": 208,
          "url": "https://dl.airtable.com/.attachments/7fd9ae542a68558088f3ad6f5d9a702d/40f6d6ac/vin_chaud_2021_2_sansfond.png?ts=1654586294&userId=usrF6kLgBaja75CMj&cs=441fc391ca5d6a89",
          "filename": "vin_chaud_2021_2_sans fond.png",
          "size": 44662,
          "type": "image/png",
          "thumbnails": {
            "small": {
              "url": "https://dl.airtable.com/.attachmentThumbnails/c9d5299c9fcbdf5904bd646e66aa3c5c/e9113d54?ts=1654586294&userId=usrF6kLgBaja75CMj&cs=e944757897105742",
              "width": 49,
              "height": 36
            },
            "large": {
              "url": "https://dl.airtable.com/.attachmentThumbnails/87fd1b8a123b1cb5b3ba9be6b26bfa84/752d1b24?ts=1654586294&userId=usrF6kLgBaja75CMj&cs=d5e99d001fad3a5a",
              "width": 281,
              "height": 208
            },
            "full": {
              "url": "https://dl.airtable.com/.attachmentThumbnails/7a40b67b3c4b79690d60cb6164e6b72d/42b9d93a?ts=1654586294&userId=usrF6kLgBaja75CMj&cs=ca94d82bc66de832",
              "width": 3000,
              "height": 3000
            }
          }
        }
      ],
      "EAN 13": { "text": "3770007570376" },
      "UVC - Conditionnement": "boite",
      "UVC - Poids/vol": 6,
      "UVC - Unité": " berlingots",
      "Prix d'achat kg/g/L €HT": 0.4916666666666667,
      "Unité d'achat(X*UV)": 20,
      "Tx TVA": 0.055,
      "Produit Pro": true,
      "Produit Particulier": true,
      "Tarif Particulier TTC": 4.9796000000000005,
      "numéro": 714,
      "Code Fournisseur (from Fournisseurs)": "FR01.0007",
      "Département (from Coordonnées Sociétés)": ["AIN"],
      "Franco €": "€250",
      "DESIGNATION": "COFFRET VIN CHAUD",
      "Conditionnement": "boite 6  berlingots",
      "Tarif Pro (HT)": 4.425000000000001,
      "Tarif Pro (HT) au Kg/L": 0.7375000000000002,
      "Unité Vente": 1,
      "Tarif Particulier TTC Arrondi": 5,
      "Image produits avec fond": [
        {
          "id": "attXeVc2SPsLEvTi3",
          "width": 281,
          "height": 208,
          "url": "https://dl.airtable.com/.attachments/40feb5d386381d4aeeda847d9648b538/d2094ab1/vin_chaud_2021_2_sansfond.png?ts=1654586294&userId=usrF6kLgBaja75CMj&cs=6333af33b2be7cf3",
          "filename": "vin_chaud_2021_2_sans fond.png",
          "size": 44662,
          "type": "image/png",
          "thumbnails": {
            "small": {
              "url": "https://dl.airtable.com/.attachmentThumbnails/458d4a0e1ba30e445039a26e72d8cea7/769a53d1?ts=1654586294&userId=usrF6kLgBaja75CMj&cs=e0b15eadcffae50f",
              "width": 49,
              "height": 36
            },
            "large": {
              "url": "https://dl.airtable.com/.attachmentThumbnails/fb26c75c8ad7a85a31ecbb8f127da76a/86f97b3a?ts=1654586294&userId=usrF6kLgBaja75CMj&cs=1727afa803d56766",
              "width": 281,
              "height": 208
            },
            "full": {
              "url": "https://dl.airtable.com/.attachmentThumbnails/7c11c7df05232cf3b2753dbeb3ffcfa6/81b305c6?ts=1654586294&userId=usrF6kLgBaja75CMj&cs=910ce6d37079438a",
              "width": 3000,
              "height": 3000
            }
          }
        }
      ],
      "Nom complet Produit pour formulaire de Mouvement de Stock": "boite 6  berlingots-COFFRET VIN CHAUD//Max Daumin//FR01.0007.00714",
      "Prix de vente € TTC conseillé": 5.9,
      "Prix de vente typeform € TTC": 5.9,
      "DESIGNATION TYPEFORM": "Coffret Vin Chaud - 6 berlingots -  // 5.90€",
      "Hypothèse 15% marge px pro": 5.492205882352942,
      "Idée Recette": "Un berlingot pour une bouteille de vin, du sucre roux et c’est tout ! Faites chauffer et c’est prêt.",
      "CATEGORIE/TYPE": "Épicerie salée>Epices",
      "Condi.": "boite\n6  berlingots",
      "Disponibilité": "En stock",
      "PRODUCTEUR": "MAX DAUMIN",
      "Spécificités": "Epices moulues",
      "Désignation Produit": "COFFRET VIN CHAUD - boite 6  berlingots",
      "Désignation Produit 1 ligne": "COFFRET VIN CHAUD - boite 6  berlingots",
      "Unité de vente détaillée": "1 X 6  berlingots",
      "Délais d'appro (jours) (from FOURNISSEUR)": "15",
      "Nom de la Société (from FOURNISSEUR)": "Max Daumin",
      "Descriptif Producteur (from FOURNISSEUR)": "Des épices de producteurs La maitrise de la qualité gustative des épices et poivres ne peut se faire que si l’on maitrise la récolte et qui plante vos épices. Max Daumin sélectionne ainsi des épices brutes, non moulues directement auprès de ses producteurs en France et dans le monde. Fabrication de nos packagings en Auvergne-Rhône-Alpes et mouture réalisée dans l'Ain.",
      "Photos Producteurs (from FOURNISSEUR)": [
        {
          "id": "attYAOOy5uOVlVR6S",
          "width": 2048,
          "height": 2048,
          "url": "https://dl.airtable.com/.attachments/64e33a9c190c59001abdb8f17b3633dd/ff897487/219894231_1444958569205856_6064492114380868409_n.jpg?ts=1654586294&userId=usrF6kLgBaja75CMj&cs=4f174d77651ec16f",
          "filename": "219894231_1444958569205856_6064492114380868409_n.jpg",
          "size": 1262576,
          "type": "image/jpeg",
          "thumbnails": {
            "small": {
              "url": "https://dl.airtable.com/.attachmentThumbnails/b432dfd0cdcdd317555e1cddf12365ee/ccdd2c2c?ts=1654586294&userId=usrF6kLgBaja75CMj&cs=eb97483b05c904ac",
              "width": 36,
              "height": 36
            },
            "large": {
              "url": "https://dl.airtable.com/.attachmentThumbnails/186d0dcefbef6a13df5925cadc565ab4/a16281cb?ts=1654586294&userId=usrF6kLgBaja75CMj&cs=5f4c7f34eff73003",
              "width": 512,
              "height": 512
            },
            "full": {
              "url": "https://dl.airtable.com/.attachmentThumbnails/133b79275186e894d892ab82f66dffab/4d10634d?ts=1654586294&userId=usrF6kLgBaja75CMj&cs=88fdfbd5960bb3bd",
              "width": 3000,
              "height": 3000
            }
          }
        }
      ],
      "Label (from FOURNISSEUR)": ["AB", "CCF"],
      "LABEL LOGO (from FOURNISSEUR)": [
        {
          "id": "attOjlB3OP92IAQLw",
          "width": 1335,
          "height": 606,
          "url": "https://dl.airtable.com/.attachments/bde3a9041e764a52284e9d7e724c6906/c4f70304/Capture-2.png?ts=1654586294&userId=usrF6kLgBaja75CMj&cs=7a13c35073f4693a",
          "filename": "Capture-2.png",
          "size": 105113,
          "type": "image/png",
          "thumbnails": {
            "small": {
              "url": "https://dl.airtable.com/.attachmentThumbnails/d610587c76107b1b40e5a9504a63a299/420fc780?ts=1654586294&userId=usrF6kLgBaja75CMj&cs=70b0e4f3e026dd6b",
              "width": 79,
              "height": 36
            },
            "large": {
              "url": "https://dl.airtable.com/.attachmentThumbnails/5e662ed8382bb04d74a88e0fd59474a4/1071aab4?ts=1654586294&userId=usrF6kLgBaja75CMj&cs=4b212cfb1743424b",
              "width": 1128,
              "height": 512
            },
            "full": {
              "url": "https://dl.airtable.com/.attachmentThumbnails/e515a39fdc1988e16ad042723ede9501/17bb594b?ts=1654586294&userId=usrF6kLgBaja75CMj&cs=694b54ee1f00f647",
              "width": 3000,
              "height": 3000
            }
          }
        },
        {
          "id": "attMuhgIz0i6EF3sO",
          "width": 562,
          "height": 796,
          "url": "https://dl.airtable.com/.attachments/ac55e066dc4c694c226bc7aa3603b3ff/31baf7ba/PAQ_LOGO_DTOUR.png?ts=1654586294&userId=usrF6kLgBaja75CMj&cs=688ef98d43b2fe07",
          "filename": "PAQ_LOGO_DÉTOURÉ.png",
          "size": 123333,
          "type": "image/png",
          "thumbnails": {
            "small": {
              "url": "https://dl.airtable.com/.attachmentThumbnails/e4ab024c3f5ae6d6703b12b21c377b2f/011e11ad?ts=1654586294&userId=usrF6kLgBaja75CMj&cs=7febad892daee4e2",
              "width": 25,
              "height": 36
            },
            "large": {
              "url": "https://dl.airtable.com/.attachmentThumbnails/e38099c48c3548fe4a91ffd6022b1f90/5617c169?ts=1654586294&userId=usrF6kLgBaja75CMj&cs=9b828de300ba475b",
              "width": 512,
              "height": 725
            },
            "full": {
              "url": "https://dl.airtable.com/.attachmentThumbnails/3c384b36e8ef6fad60696f0f487e36e2/7835c7a6?ts=1654586294&userId=usrF6kLgBaja75CMj&cs=62ac7cb5884e8b9a",
              "width": 3000,
              "height": 3000
            }
          }
        },
        {
          "id": "attIF8nQPkfYQg3PD",
          "width": 245,
          "height": 245,
          "url": "https://dl.airtable.com/.attachments/30a5ed2ed078555a4bcfe03684fb85eb/372ed40a/IGP_inao_image_block.png?ts=1654586294&userId=usrF6kLgBaja75CMj&cs=3d50c67929537429",
          "filename": "IGP_inao_image_block.png",
          "size": 240796,
          "type": "image/png",
          "thumbnails": {
            "small": {
              "url": "https://dl.airtable.com/.attachmentThumbnails/0333ed4b7a128b7d06619f73677c9d6f/8c5f0926?ts=1654586294&userId=usrF6kLgBaja75CMj&cs=3e62618ee4eec0b4",
              "width": 36,
              "height": 36
            },
            "large": {
              "url": "https://dl.airtable.com/.attachmentThumbnails/c4178b165dbce5f0be0c580da79693eb/c4b7af40?ts=1654586294&userId=usrF6kLgBaja75CMj&cs=2a27ff491dd65a43",
              "width": 245,
              "height": 245
            },
            "full": {
              "url": "https://dl.airtable.com/.attachmentThumbnails/a5071bafb6139fdd1692b3869089d1a7/2cb765ef?ts=1654586294&userId=usrF6kLgBaja75CMj&cs=581cc153ce14c337",
              "width": 3000,
              "height": 3000
            }
          }
        }
      ],
      "Département (from FOURNISSEUR)": ["AIN"],
      "Code Postal (from FOURNISSEUR)": "01450",
      "Ville (from FOURNISSEUR)": "LEYSSARD",
      "STOCK DISPO (from Passerelle Stock vers BDD Produits/Producteurs)": "17",
      "Import CSV Shopify": "FR01.0007.00714",
      "Localisation (from FOURNISSEUR)": "01450 - LEYSSARD - AIN"
    },
    "name": "Coffret Vin Chaud",
    "weight": "boite 6  berlingots",
    "price": "2.95",
    "pricePerKg": "0.49",
    "stock": "En stock",
    "picture": "https://dl.airtable.com/.attachments/7fd9ae542a68558088f3ad6f5d9a702d/40f6d6ac/vin_chaud_2021_2_sansfond.png?ts=1654586294&userId=usrF6kLgBaja75CMj&cs=441fc391ca5d6a89"
  },
  {
    "id": "recNq7jMRdFStrK8S",
    "info": {
      "Code Produit QotQot": "FR63.0222.01418",
      "FOURNISSEUR": "CLAC!",
      "Produit": "Velouté de carotte à l'orange  ",
      "Catégorie": ["Épicerie salée"],
      "Type": ["Soupes/Veloutés/Gaspachos"],
      "Spécificité": "Soupes/Veloutés/Gaspachos",
      "Statut": "Référencé",
      "Dispo": "En stock",
      "Prix d'achat unitaire €HT": 3.45,
      "Descriptif Produit": "Ce velouté cuisiné à base de carottes et de jus d'orange viendra ensoleiller vos apéros. Son goût est arrondi par la crème fraîche et est réveillé par le gingembre.\n\nUne soupe riche en saveurs et en couleurs avec de fortes valeurs : bio, local et artisanal\n\nA consommer froid ou chaud, sa texture épaisse permet de dresser vos verrines pour des apéros ou des entrées qui CLAC !",
      "Image produits sans fond": [
        {
          "id": "atty8fDYPGlhxQkKA",
          "width": 495,
          "height": 504,
          "url": "https://dl.airtable.com/.attachments/cb178cd62578e81c9c6c9aac2628247b/c165ca2e/veloute-carotte-orange-removebg-preview.png?ts=1654586294&userId=usrF6kLgBaja75CMj&cs=3964d0c26119b520",
          "filename": "veloute-carotte-orange-removebg-preview.png",
          "size": 125645,
          "type": "image/png",
          "thumbnails": {
            "small": {
              "url": "https://dl.airtable.com/.attachmentThumbnails/b07baecd9b89b8d0919fee9f78d15eaa/166f534e?ts=1654586294&userId=usrF6kLgBaja75CMj&cs=614ba50316ad5cb6",
              "width": 35,
              "height": 36
            },
            "large": {
              "url": "https://dl.airtable.com/.attachmentThumbnails/983207f8c4dcec05383e04433242f32b/8a0a8f6d?ts=1654586294&userId=usrF6kLgBaja75CMj&cs=5bc84fd5f1e4a28f",
              "width": 495,
              "height": 504
            },
            "full": {
              "url": "https://dl.airtable.com/.attachmentThumbnails/f288538aba435069ffc121ee0792a537/33a3b6ab?ts=1654586294&userId=usrF6kLgBaja75CMj&cs=1b7f5e90d75c2093",
              "width": 3000,
              "height": 3000
            }
          }
        }
      ],
      "EAN 13": { "text": "3770009413121" },
      "SIQO": ["BIO"],
      "DDM (mois)": 24,
      "UVC - Conditionnement": "bocal verre",
      "UVC - Poids/vol": 480,
      "UVC - Unité": "g",
      "Prix d'achat kg/g/L €HT": 7.1875,
      "Unité d'achat(X*UV)": 9,
      "Tx TVA": 0.055,
      "Produit Particulier": true,
      "Tarif Particulier TTC": 5.8236,
      "numéro": 1418,
      "Code Fournisseur (from Fournisseurs)": "FR63.0222",
      "Département (from Coordonnées Sociétés)": ["PUY DE DÔME"],
      "Franco €": "€300",
      "DESIGNATION": "VELOUTÉ DE CAROTTE À L'ORANGE   - BIO",
      "Conditionnement": "bocal verre 480 g",
      "Tarif Pro (HT)": 5.175000000000001,
      "Tarif Pro (HT) au Kg/L": 10.781250000000002,
      "Unité Vente": 1,
      "Tarif Particulier TTC Arrondi": 5.9,
      "LABEL": [
        {
          "id": "attdzLJnjcNd0rRmE",
          "width": 1335,
          "height": 606,
          "url": "https://dl.airtable.com/.attachments/0e9e633af4f109241b1f6cc70f2cb0bc/fe8d7a9e/Capture-2.png?ts=1654586294&userId=usrF6kLgBaja75CMj&cs=aea7a14f8a72c9bc",
          "filename": "Capture-2.png",
          "size": 105113,
          "type": "image/png",
          "thumbnails": {
            "small": {
              "url": "https://dl.airtable.com/.attachmentThumbnails/5e394e47a9ef364059f4dd554b2473c3/1cd419bf?ts=1654586294&userId=usrF6kLgBaja75CMj&cs=2215178bbd0704ff",
              "width": 79,
              "height": 36
            },
            "large": {
              "url": "https://dl.airtable.com/.attachmentThumbnails/e8ae48781a550c1899f42cc102006df4/47cf57c9?ts=1654586294&userId=usrF6kLgBaja75CMj&cs=0f384d2befc8856f",
              "width": 1128,
              "height": 512
            },
            "full": {
              "url": "https://dl.airtable.com/.attachmentThumbnails/4b4f2305169a6254d9ae9f526c9dedef/b11e2141?ts=1654586294&userId=usrF6kLgBaja75CMj&cs=12316e7ecbc90f2c",
              "width": 3000,
              "height": 3000
            }
          }
        }
      ],
      "Image produits avec fond": [
        {
          "id": "atty8fDYPGlhxQkKA",
          "width": 495,
          "height": 504,
          "url": "https://dl.airtable.com/.attachments/cb178cd62578e81c9c6c9aac2628247b/c165ca2e/veloute-carotte-orange-removebg-preview.png?ts=1654586294&userId=usrF6kLgBaja75CMj&cs=3964d0c26119b520",
          "filename": "veloute-carotte-orange-removebg-preview.png",
          "size": 125645,
          "type": "image/png",
          "thumbnails": {
            "small": {
              "url": "https://dl.airtable.com/.attachmentThumbnails/b07baecd9b89b8d0919fee9f78d15eaa/166f534e?ts=1654586294&userId=usrF6kLgBaja75CMj&cs=614ba50316ad5cb6",
              "width": 35,
              "height": 36
            },
            "large": {
              "url": "https://dl.airtable.com/.attachmentThumbnails/983207f8c4dcec05383e04433242f32b/8a0a8f6d?ts=1654586294&userId=usrF6kLgBaja75CMj&cs=5bc84fd5f1e4a28f",
              "width": 495,
              "height": 504
            },
            "full": {
              "url": "https://dl.airtable.com/.attachmentThumbnails/f288538aba435069ffc121ee0792a537/33a3b6ab?ts=1654586294&userId=usrF6kLgBaja75CMj&cs=1b7f5e90d75c2093",
              "width": 3000,
              "height": 3000
            }
          }
        }
      ],
      "Nom complet Produit pour formulaire de Mouvement de Stock": "bocal verre 480 g-VELOUTÉ DE CAROTTE À L'ORANGE   - BIO//CLAC!//FR63.0222.01418",
      "Prix de vente € TTC conseillé": 5.5,
      "Prix de vente typeform € TTC": 5.9,
      "DESIGNATION TYPEFORM": "Velouté de carotte à l'orange   - 480g - BIO // 5.90€",
      "Hypothèse 15% marge px pro": 6.423088235294117,
      "CATEGORIE/TYPE": "Épicerie salée>Soupes/Veloutés/Gaspachos",
      "Condi.": "bocal verre\n480 g",
      "Disponibilité": "En stock",
      "PRODUCTEUR": "CLAC!",
      "Spécificités": "Soupes/Veloutés/Gaspachos",
      "Commande Fournisseurs": "FR63.0222-08/03/2022",
      "Désignation Produit": "VELOUTÉ DE CAROTTE À L'ORANGE   - BIO - bocal verre 480 g",
      "Désignation Produit 1 ligne": "VELOUTÉ DE CAROTTE À L'ORANGE   - BIO - bocal verre 480 g",
      "Unité de vente détaillée": "1 X 480 g",
      "Délais d'appro (jours) (from FOURNISSEUR)": "6",
      "Nom de la Société (from FOURNISSEUR)": "CLAC!",
      "Descriptif Producteur (from FOURNISSEUR)": "Fondée en juillet 2017, CLAC, la Conserverie Locale Artisanale & Créative, imagine et fabrique des tartinables apéritifs à partir d'ingrédients bio & locaux. Nous travaillons avec une quinzaine de producteurs d'Auvergne pour vous offrir des goûts originaux 100% naturels. CLAC, c'est également des légumes cuisinés, des sauces et des soupes fabriqués avec coeur et passion dans notre atelier de Cournon d'Auvergne",
      "Photos Producteurs (from FOURNISSEUR)": [
        {
          "id": "att57lDlQ1Uf8uR6d",
          "width": 480,
          "height": 370,
          "url": "https://dl.airtable.com/.attachments/65f6e5b664a80fc264a63f947393d989/5572920a/julien_Anglade_518eecd7-fccb-433a-b4a1-37db1dbbe0a5_large.PNG?ts=1654586294&userId=usrF6kLgBaja75CMj&cs=c362bb2e91847096",
          "filename": "julien_Anglade_518eecd7-fccb-433a-b4a1-37db1dbbe0a5_large.PNG",
          "size": 277189,
          "type": "image/png",
          "thumbnails": {
            "small": {
              "url": "https://dl.airtable.com/.attachmentThumbnails/8622bbda081521db50632334635c4541/a78bc5c1?ts=1654586294&userId=usrF6kLgBaja75CMj&cs=723722741647c0d6",
              "width": 47,
              "height": 36
            },
            "large": {
              "url": "https://dl.airtable.com/.attachmentThumbnails/971526aafba7c228407ab0ec1523c864/0559e2c0?ts=1654586294&userId=usrF6kLgBaja75CMj&cs=3b686b1c31661aa7",
              "width": 480,
              "height": 370
            },
            "full": {
              "url": "https://dl.airtable.com/.attachmentThumbnails/98ab59b9f44b1fcd993d894af39996b5/bbccdbb1?ts=1654586294&userId=usrF6kLgBaja75CMj&cs=a9909762992aff14",
              "width": 3000,
              "height": 3000
            }
          }
        }
      ],
      "Label (from FOURNISSEUR)": ["AB"],
      "LABEL LOGO (from FOURNISSEUR)": [
        {
          "id": "atthdViQyZ14LUu8l",
          "width": 1335,
          "height": 606,
          "url": "https://dl.airtable.com/.attachments/0d38d4bd251d74a58a370972d36e2d16/bbd1e6dd/Capture-2.png?ts=1654586294&userId=usrF6kLgBaja75CMj&cs=5613e82b554bf6db",
          "filename": "Capture-2.png",
          "size": 105113,
          "type": "image/png",
          "thumbnails": {
            "small": {
              "url": "https://dl.airtable.com/.attachmentThumbnails/d29e6895f30966e9dd650c26d42c694c/528b8acc?ts=1654586294&userId=usrF6kLgBaja75CMj&cs=4a7960b96ffd4eb6",
              "width": 79,
              "height": 36
            },
            "large": {
              "url": "https://dl.airtable.com/.attachmentThumbnails/43bc2d03176c12b59a06a15126d895c5/2d781fa8?ts=1654586294&userId=usrF6kLgBaja75CMj&cs=2d8a117035c3edfd",
              "width": 1128,
              "height": 512
            },
            "full": {
              "url": "https://dl.airtable.com/.attachmentThumbnails/c10f50df2e56d08c78870d0f258cabc7/c7210777?ts=1654586294&userId=usrF6kLgBaja75CMj&cs=bd975310d2340565",
              "width": 3000,
              "height": 3000
            }
          }
        }
      ],
      "Département (from FOURNISSEUR)": ["PUY DE DÔME"],
      "Code Postal (from FOURNISSEUR)": "63800",
      "Ville (from FOURNISSEUR)": "COURNON D'AUVERGNE",
      "STOCK DISPO (from Passerelle Stock vers BDD Produits/Producteurs)": "5",
      "Import CSV Shopify": "FR63.0222.01418",
      "Localisation (from FOURNISSEUR)": "63800 - COURNON D'AUVERGNE - PUY DE DÔME"
    },
    "name": "Velouté de carotte à l'orange  ",
    "weight": "bocal verre 480 g",
    "price": "3.45",
    "pricePerKg": "7.19",
    "stock": "En stock",
    "picture": "https://dl.airtable.com/.attachments/cb178cd62578e81c9c6c9aac2628247b/c165ca2e/veloute-carotte-orange-removebg-preview.png?ts=1654586294&userId=usrF6kLgBaja75CMj&cs=3964d0c26119b520"
  },
  {
    "id": "recPKK3qYLt9q5d5Y",
    "info": {
      "Code Produit QotQot": "FR26.0019.01317",
      "FOURNISSEUR": "Provence Alpes",
      "Produit": "Crème d'ail",
      "Catégorie": ["Épicerie salée"],
      "Type": ["Sauces"],
      "Spécificité": "Ail ",
      "Statut": "Référencé",
      "Dispo": "En stock",
      "Prix d'achat unitaire €HT": 1.39,
      "Descriptif Produit": "Ingrédients : ail 52,5%, huile de tournesol, crème (lait), sel, concentré de citron, conservateur : acide sorbique.",
      "Image produits sans fond": [
        {
          "id": "att4QIsvcQhHWgbOJ",
          "width": 493,
          "height": 506,
          "url": "https://dl.airtable.com/.attachments/16cadd9b1dca9a602830678f7c418d89/33eb320f/Crme_d_ail-removebg-preview.png?ts=1654586294&userId=usrF6kLgBaja75CMj&cs=2557a30d0ede9cd4",
          "filename": "Crème_d_ail-removebg-preview.png",
          "size": 290055,
          "type": "image/png",
          "thumbnails": {
            "small": {
              "url": "https://dl.airtable.com/.attachmentThumbnails/dd77ea103ff44ef42dde2dcbe5e60b9e/c84b9547?ts=1654586294&userId=usrF6kLgBaja75CMj&cs=27f03f57b174e48d",
              "width": 35,
              "height": 36
            },
            "large": {
              "url": "https://dl.airtable.com/.attachmentThumbnails/673a413bbe75107f6c7a8e5619827b21/71322448?ts=1654586294&userId=usrF6kLgBaja75CMj&cs=bea9c792a1d16ec5",
              "width": 493,
              "height": 506
            },
            "full": {
              "url": "https://dl.airtable.com/.attachmentThumbnails/0e252319b1433749ec903eb1b852181e/9ef525f4?ts=1654586294&userId=usrF6kLgBaja75CMj&cs=525c209e1ac5f850",
              "width": 3000,
              "height": 3000
            }
          }
        }
      ],
      "UVC - Conditionnement": "bocal verre",
      "UVC - Poids/vol": 100,
      "UVC - Unité": "g",
      "Prix d'achat kg/g/L €HT": 13.899999999999999,
      "Unité d'achat(X*UV)": 6,
      "Tx TVA": 0.055,
      "Produit Pro": true,
      "Produit Particulier": true,
      "Tarif Particulier TTC": 2.3463199999999995,
      "numéro": 1317,
      "Code Fournisseur (from Fournisseurs)": "FR26.0019",
      "Département (from Coordonnées Sociétés)": ["DRÔME"],
      "DESIGNATION": "CRÈME D'AIL",
      "Conditionnement": "bocal verre 100 g",
      "Tarif Pro (HT)": 2.085,
      "Tarif Pro (HT) au Kg/L": 20.85,
      "Unité Vente": 1,
      "Tarif Particulier TTC Arrondi": 2.4000000000000004,
      "Image produits avec fond": [
        {
          "id": "attcqstgl4ty5nbuI",
          "width": 1747,
          "height": 1791,
          "url": "https://dl.airtable.com/.attachments/412da3a72e977978102ce44fe22cdea6/ee6a7811/Crmedail.jpg?ts=1654586294&userId=usrF6kLgBaja75CMj&cs=789cc42bad28d889",
          "filename": "Crème d'ail.jpg",
          "size": 680588,
          "type": "image/jpeg",
          "thumbnails": {
            "small": {
              "url": "https://dl.airtable.com/.attachmentThumbnails/b6799af379fca2ced561cb123a4e1d08/d7f1de82?ts=1654586294&userId=usrF6kLgBaja75CMj&cs=343a176553abd265",
              "width": 35,
              "height": 36
            },
            "large": {
              "url": "https://dl.airtable.com/.attachmentThumbnails/2c12724b1e9f3438249e7f8d867f8624/3d23b468?ts=1654586294&userId=usrF6kLgBaja75CMj&cs=e0f6eb84fd5b6bba",
              "width": 512,
              "height": 525
            },
            "full": {
              "url": "https://dl.airtable.com/.attachmentThumbnails/d94664eb262386ffa46248e36b36bf14/0669c4bd?ts=1654586294&userId=usrF6kLgBaja75CMj&cs=8832dc41a6d5302e",
              "width": 3000,
              "height": 3000
            }
          }
        }
      ],
      "Nom complet Produit pour formulaire de Mouvement de Stock": "bocal verre 100 g-CRÈME D'AIL//Provence Alpes//FR26.0019.01317",
      "Prix de vente typeform € TTC": 3.4,
      "DESIGNATION TYPEFORM": "Crème d'ail - 100g -  // 3.40€",
      "Hypothèse 15% marge px pro": 2.587852941176471,
      "CATEGORIE/TYPE": "Épicerie salée>Sauces",
      "Condi.": "bocal verre\n100 g",
      "Disponibilité": "En stock",
      "PRODUCTEUR": "PROVENCE ALPES",
      "Spécificités": "Ail ",
      "Désignation Produit": "CRÈME D'AIL - bocal verre 100 g",
      "Désignation Produit 1 ligne": "CRÈME D'AIL - bocal verre 100 g",
      "Unité de vente détaillée": "1 X 100 g",
      "Délais d'appro (jours) (from FOURNISSEUR)": "10",
      "Nom de la Société (from FOURNISSEUR)": "Provence Alpes",
      "Descriptif Producteur (from FOURNISSEUR)": "Provence Alpes   L’histoire de Provence Alpes débute avec Monsieur Claude DIEMOZ qui a œuvré au niveau national à la création de l’Institut ITEIPMAI. Également producteur de plantes aromatiques, il a créé la société GEL’PAM (1992), dont l’activité est la surgélation de plantes aromatiques cultivées en Drôme (premier département Français producteur de plantes aromatiques).  La société Provence Alpes est implantée au cœur de la Drôme depuis plus de 20 ans. Son objectif est d’élaborer les meilleures sauces et aides culinaires afin de satisfaire au mieux les exigences de ses clients. Ses produits sont réalisés à partir de matières premières, rigoureusement sélectionnées et en privilégiant les origines locales du premier département Français producteur de plantes aromatiques. La satisfaction des clients est une priorité pour Provence Alpes. Pour ce faire, l’entreprise fait preuve d’une grande réactivité face à la demande. Forte de son expérience en matière de création de recettes, la société Provence Alpes est à même de vous proposer une large gamme de produits. Elle peut vous aider à élaborer et fabriquer vos propres formules et à adapter des recettes à vos besoins.",
      "Photos Producteurs (from FOURNISSEUR)": [
        {
          "id": "attRVuNQ27ZQ1h630",
          "width": 450,
          "height": 332,
          "url": "https://dl.airtable.com/.attachments/71d722d4f2004abe534ec162be51abd2/cce3870b/CDIEMOZ.png?ts=1654586294&userId=usrF6kLgBaja75CMj&cs=d815af8bf708af02",
          "filename": "CDIEMOZ.png",
          "size": 333867,
          "type": "image/png",
          "thumbnails": {
            "small": {
              "url": "https://dl.airtable.com/.attachmentThumbnails/104b46b4147bd61450a405fbeef809b3/e94b27d9?ts=1654586294&userId=usrF6kLgBaja75CMj&cs=d09556c9e0d64dd3",
              "width": 49,
              "height": 36
            },
            "large": {
              "url": "https://dl.airtable.com/.attachmentThumbnails/ad310d2e471214c1c6d78c12cbb15657/ec767575?ts=1654586294&userId=usrF6kLgBaja75CMj&cs=0a89f85a99730bc2",
              "width": 450,
              "height": 332
            },
            "full": {
              "url": "https://dl.airtable.com/.attachmentThumbnails/720280978ef0b142a25e24a3d7ddd97d/d83adc28?ts=1654586294&userId=usrF6kLgBaja75CMj&cs=d50b9fb9662c7558",
              "width": 3000,
              "height": 3000
            }
          }
        }
      ],
      "Label (from FOURNISSEUR)": ["AB"],
      "LABEL LOGO (from FOURNISSEUR)": [
        {
          "id": "atthdViQyZ14LUu8l",
          "width": 1335,
          "height": 606,
          "url": "https://dl.airtable.com/.attachments/0d38d4bd251d74a58a370972d36e2d16/bbd1e6dd/Capture-2.png?ts=1654586294&userId=usrF6kLgBaja75CMj&cs=5613e82b554bf6db",
          "filename": "Capture-2.png",
          "size": 105113,
          "type": "image/png",
          "thumbnails": {
            "small": {
              "url": "https://dl.airtable.com/.attachmentThumbnails/d29e6895f30966e9dd650c26d42c694c/528b8acc?ts=1654586294&userId=usrF6kLgBaja75CMj&cs=4a7960b96ffd4eb6",
              "width": 79,
              "height": 36
            },
            "large": {
              "url": "https://dl.airtable.com/.attachmentThumbnails/43bc2d03176c12b59a06a15126d895c5/2d781fa8?ts=1654586294&userId=usrF6kLgBaja75CMj&cs=2d8a117035c3edfd",
              "width": 1128,
              "height": 512
            },
            "full": {
              "url": "https://dl.airtable.com/.attachmentThumbnails/c10f50df2e56d08c78870d0f258cabc7/c7210777?ts=1654586294&userId=usrF6kLgBaja75CMj&cs=bd975310d2340565",
              "width": 3000,
              "height": 3000
            }
          }
        }
      ],
      "Département (from FOURNISSEUR)": ["DRÔME"],
      "Code Postal (from FOURNISSEUR)": "26270",
      "Ville (from FOURNISSEUR)": "Saulce sur Rhône",
      "STOCK DISPO (from Passerelle Stock vers BDD Produits/Producteurs)": "1",
      "Import CSV Shopify": "FR26.0019.01317",
      "Localisation (from FOURNISSEUR)": "26270 - SAULCE SUR RHÔNE - DRÔME"
    },
    "name": "Crème d'ail",
    "weight": "bocal verre 100 g",
    "price": "1.39",
    "pricePerKg": "13.90",
    "stock": "En stock",
    "picture": "https://dl.airtable.com/.attachments/16cadd9b1dca9a602830678f7c418d89/33eb320f/Crme_d_ail-removebg-preview.png?ts=1654586294&userId=usrF6kLgBaja75CMj&cs=2557a30d0ede9cd4"
  },
  {
    "id": "recPLVzYJQVrKlAsp",
    "info": {
      "Code Produit QotQot": "FR69.0226.01493",
      "FOURNISSEUR": "CROC",
      "Produit": "Amandes, pomme, romarin (sucré)",
      "Catégorie": ["Épicerie salée"],
      "Type": ["Snack"],
      "Spécificité": "Sucré",
      "Statut": "Référencé",
      "Dispo": "En stock",
      "Prix d'achat unitaire €HT": 1.1,
      "Image produits sans fond": [
        {
          "id": "attNkEIHpBzdplAR2",
          "width": 2000,
          "height": 2000,
          "url": "https://dl.airtable.com/.attachments/956e82b6b36866a369d00fcf502653e0/1ab0000d/SACHET-AMANDES-POMME-ROMARIN.jpg?ts=1654586294&userId=usrF6kLgBaja75CMj&cs=69bfe0327c82aa4f",
          "filename": "SACHET-AMANDES-POMME-ROMARIN.jpg",
          "size": 279754,
          "type": "image/jpeg",
          "thumbnails": {
            "small": {
              "url": "https://dl.airtable.com/.attachmentThumbnails/cbf021d777f0d78a5d2cd7c5a2906b69/9762ba58?ts=1654586294&userId=usrF6kLgBaja75CMj&cs=e223256a8a64691a",
              "width": 36,
              "height": 36
            },
            "large": {
              "url": "https://dl.airtable.com/.attachmentThumbnails/036a6c9a09725c0046058a5bbd6b821d/24f568bf?ts=1654586294&userId=usrF6kLgBaja75CMj&cs=fda8eb94d308d9e6",
              "width": 512,
              "height": 512
            },
            "full": {
              "url": "https://dl.airtable.com/.attachmentThumbnails/fe59cebaa73a7123a2f5bb6a779187b4/86ef20d9?ts=1654586294&userId=usrF6kLgBaja75CMj&cs=af9f1e781349b605",
              "width": 3000,
              "height": 3000
            }
          }
        }
      ],
      "EAN 13": { "text": "376028009 0029" },
      "SIQO": ["BIO"],
      "DDM (mois)": 8,
      "UVC - Conditionnement": "sachet",
      "UVC - Poids/vol": 35,
      "UVC - Unité": "g",
      "Prix d'achat kg/g/L €HT": 31.42857142857143,
      "Unité d'achat(X*UV)": 16,
      "Tx TVA": 0.055,
      "Produit Pro": true,
      "Produit Particulier": true,
      "Tarif Particulier TTC": 1.8568000000000002,
      "numéro": 1493,
      "Code Fournisseur (from Fournisseurs)": "FR69.0226",
      "Département (from Coordonnées Sociétés)": ["RHÔNE"],
      "Franco €": "€150",
      "DESIGNATION": "AMANDES, POMME, ROMARIN (SUCRÉ) - BIO",
      "Conditionnement": "sachet 35 g",
      "Tarif Pro (HT)": 1.6500000000000001,
      "Tarif Pro (HT) au Kg/L": 47.142857142857146,
      "Unité Vente": 1,
      "Tarif Particulier TTC Arrondi": 1.9000000000000001,
      "LABEL": [
        {
          "id": "attdzLJnjcNd0rRmE",
          "width": 1335,
          "height": 606,
          "url": "https://dl.airtable.com/.attachments/0e9e633af4f109241b1f6cc70f2cb0bc/fe8d7a9e/Capture-2.png?ts=1654586294&userId=usrF6kLgBaja75CMj&cs=aea7a14f8a72c9bc",
          "filename": "Capture-2.png",
          "size": 105113,
          "type": "image/png",
          "thumbnails": {
            "small": {
              "url": "https://dl.airtable.com/.attachmentThumbnails/5e394e47a9ef364059f4dd554b2473c3/1cd419bf?ts=1654586294&userId=usrF6kLgBaja75CMj&cs=2215178bbd0704ff",
              "width": 79,
              "height": 36
            },
            "large": {
              "url": "https://dl.airtable.com/.attachmentThumbnails/e8ae48781a550c1899f42cc102006df4/47cf57c9?ts=1654586294&userId=usrF6kLgBaja75CMj&cs=0f384d2befc8856f",
              "width": 1128,
              "height": 512
            },
            "full": {
              "url": "https://dl.airtable.com/.attachmentThumbnails/4b4f2305169a6254d9ae9f526c9dedef/b11e2141?ts=1654586294&userId=usrF6kLgBaja75CMj&cs=12316e7ecbc90f2c",
              "width": 3000,
              "height": 3000
            }
          }
        }
      ],
      "Image produits avec fond": [
        {
          "id": "attNkEIHpBzdplAR2",
          "width": 2000,
          "height": 2000,
          "url": "https://dl.airtable.com/.attachments/956e82b6b36866a369d00fcf502653e0/1ab0000d/SACHET-AMANDES-POMME-ROMARIN.jpg?ts=1654586294&userId=usrF6kLgBaja75CMj&cs=69bfe0327c82aa4f",
          "filename": "SACHET-AMANDES-POMME-ROMARIN.jpg",
          "size": 279754,
          "type": "image/jpeg",
          "thumbnails": {
            "small": {
              "url": "https://dl.airtable.com/.attachmentThumbnails/cbf021d777f0d78a5d2cd7c5a2906b69/9762ba58?ts=1654586294&userId=usrF6kLgBaja75CMj&cs=e223256a8a64691a",
              "width": 36,
              "height": 36
            },
            "large": {
              "url": "https://dl.airtable.com/.attachmentThumbnails/036a6c9a09725c0046058a5bbd6b821d/24f568bf?ts=1654586294&userId=usrF6kLgBaja75CMj&cs=fda8eb94d308d9e6",
              "width": 512,
              "height": 512
            },
            "full": {
              "url": "https://dl.airtable.com/.attachmentThumbnails/fe59cebaa73a7123a2f5bb6a779187b4/86ef20d9?ts=1654586294&userId=usrF6kLgBaja75CMj&cs=af9f1e781349b605",
              "width": 3000,
              "height": 3000
            }
          }
        }
      ],
      "Nom complet Produit pour formulaire de Mouvement de Stock": "sachet 35 g-AMANDES, POMME, ROMARIN (SUCRÉ) - BIO//CROC//FR69.0226.01493",
      "Prix de vente € TTC conseillé": 1.86,
      "Prix de vente typeform € TTC": 2.1,
      "DESIGNATION TYPEFORM": "Amandes, pomme, romarin (sucré) - 35g - BIO // 2.10€",
      "Hypothèse 15% marge px pro": 2.047941176470588,
      "CATEGORIE/TYPE": "Épicerie salée>Snack",
      "Condi.": "sachet\n35 g",
      "Disponibilité": "En stock",
      "PRODUCTEUR": "CROC",
      "Spécificités": "Sucré",
      "Commande Fournisseurs": "FR69.0226-14/03/2022",
      "Désignation Produit": "AMANDES, POMME, ROMARIN (SUCRÉ) - BIO - sachet 35 g",
      "Désignation Produit 1 ligne": "AMANDES, POMME, ROMARIN (SUCRÉ) - BIO - sachet 35 g",
      "Unité de vente détaillée": "1 X 35 g",
      "Délais d'appro (jours) (from FOURNISSEUR)": "6",
      "Nom de la Société (from FOURNISSEUR)": "CROC",
      "Descriptif Producteur (from FOURNISSEUR)": "Depuis 2017, CROC, torréfie et transforme des fruits secs bio pour vous proposer des recettes salées et sucrées saines et pleines de goût. Notre gamme est 100% bio, principalement équitable et intégralement disponible en format vrac. Très attachés au savoir faire et au goût, nous choisissons les meilleures matières premières et travaillons en direct avec nos fournisseurs pour vous proposer la meilleure qualité sans concession sur le prix.",
      "Photos Producteurs (from FOURNISSEUR)": [
        {
          "id": "att3d1SGKjLXPJmSc",
          "width": 600,
          "height": 600,
          "url": "https://dl.airtable.com/.attachments/533cbbf9c926a4bc315296c3bb8992d8/9e2fd401/virginie-olivier-web-600x600.jpg?ts=1654586294&userId=usrF6kLgBaja75CMj&cs=772e6b03ca1f2acf",
          "filename": "virginie-olivier-web-600x600.jpg",
          "size": 62676,
          "type": "image/jpeg",
          "thumbnails": {
            "small": {
              "url": "https://dl.airtable.com/.attachmentThumbnails/c94639dfe17446a54b40e0756a1fe9cc/5faa26a9?ts=1654586294&userId=usrF6kLgBaja75CMj&cs=824c708b8d1214b5",
              "width": 36,
              "height": 36
            },
            "large": {
              "url": "https://dl.airtable.com/.attachmentThumbnails/31de9a9f5133222bf7b67144c5c3dca8/c07a7c5f?ts=1654586294&userId=usrF6kLgBaja75CMj&cs=60ba5bfd55839111",
              "width": 512,
              "height": 512
            },
            "full": {
              "url": "https://dl.airtable.com/.attachmentThumbnails/25d8f1d84b3233c11dcbd960c5957f8d/b0e5d88b?ts=1654586294&userId=usrF6kLgBaja75CMj&cs=576067acb95995b0",
              "width": 3000,
              "height": 3000
            }
          }
        }
      ],
      "Label (from FOURNISSEUR)": ["AB"],
      "LABEL LOGO (from FOURNISSEUR)": [
        {
          "id": "atthdViQyZ14LUu8l",
          "width": 1335,
          "height": 606,
          "url": "https://dl.airtable.com/.attachments/0d38d4bd251d74a58a370972d36e2d16/bbd1e6dd/Capture-2.png?ts=1654586294&userId=usrF6kLgBaja75CMj&cs=5613e82b554bf6db",
          "filename": "Capture-2.png",
          "size": 105113,
          "type": "image/png",
          "thumbnails": {
            "small": {
              "url": "https://dl.airtable.com/.attachmentThumbnails/d29e6895f30966e9dd650c26d42c694c/528b8acc?ts=1654586294&userId=usrF6kLgBaja75CMj&cs=4a7960b96ffd4eb6",
              "width": 79,
              "height": 36
            },
            "large": {
              "url": "https://dl.airtable.com/.attachmentThumbnails/43bc2d03176c12b59a06a15126d895c5/2d781fa8?ts=1654586294&userId=usrF6kLgBaja75CMj&cs=2d8a117035c3edfd",
              "width": 1128,
              "height": 512
            },
            "full": {
              "url": "https://dl.airtable.com/.attachmentThumbnails/c10f50df2e56d08c78870d0f258cabc7/c7210777?ts=1654586294&userId=usrF6kLgBaja75CMj&cs=bd975310d2340565",
              "width": 3000,
              "height": 3000
            }
          }
        }
      ],
      "Département (from FOURNISSEUR)": ["RHÔNE"],
      "Code Postal (from FOURNISSEUR)": "69007",
      "Ville (from FOURNISSEUR)": "Lyon",
      "STOCK DISPO (from Passerelle Stock vers BDD Produits/Producteurs)": "16",
      "Import CSV Shopify": "FR69.0226.01493",
      "Localisation (from FOURNISSEUR)": "69007 - LYON - RHÔNE"
    },
    "name": "Amandes, pomme, romarin (sucré)",
    "weight": "sachet 35 g",
    "price": "1.10",
    "pricePerKg": "31.43",
    "stock": "En stock",
    "picture": "https://dl.airtable.com/.attachments/956e82b6b36866a369d00fcf502653e0/1ab0000d/SACHET-AMANDES-POMME-ROMARIN.jpg?ts=1654586294&userId=usrF6kLgBaja75CMj&cs=69bfe0327c82aa4f"
  },
  {
    "id": "recPpItq5wilG2MPt",
    "info": {
      "Code Produit QotQot": "FR01.0007.00755",
      "FOURNISSEUR": "Max Daumin",
      "Produit": "Quatre Epices",
      "Catégorie": ["Épicerie salée"],
      "Type": ["Epices"],
      "Spécificité": "Assemblage d'épices",
      "Statut": "Référencé",
      "Dispo": "En stock",
      "Prix d'achat unitaire €HT": 11,
      "Descriptif Produit": " Assemblage 4 épices  -  Leyssard (France)",
      "Référence Fournisseur": "10048",
      "UVC - Conditionnement": "sachet",
      "UVC - Poids/vol": 250,
      "UVC - Unité": "g",
      "Prix d'achat kg/g/L €HT": 44,
      "Unité d'achat(X*UV)": 1,
      "Tx TVA": 0.055,
      "Produit Pro": true,
      "Tarif Particulier TTC": 18.568,
      "Commentaires": "Existe aussi en format 500g, 1kg, 5kg, 10kg",
      "numéro": 755,
      "Code Fournisseur (from Fournisseurs)": "FR01.0007",
      "Département (from Coordonnées Sociétés)": ["AIN"],
      "Franco €": "€250",
      "DESIGNATION": "QUATRE EPICES",
      "Conditionnement": "sachet 250 g",
      "Tarif Pro (HT)": 16.5,
      "Tarif Pro (HT) au Kg/L": 66,
      "Unité Vente": 1,
      "Tarif Particulier TTC Arrondi": 18.6,
      "Nom complet Produit pour formulaire de Mouvement de Stock": "sachet 250 g-QUATRE EPICES//Max Daumin//FR01.0007.00755",
      "DESIGNATION TYPEFORM": "Quatre Epices - 250g -  // 0€",
      "Hypothèse 15% marge px pro": 20.479411764705883,
      "CATEGORIE/TYPE": "Épicerie salée>Epices",
      "Condi.": "sachet\n250 g",
      "Disponibilité": "En stock",
      "PRODUCTEUR": "MAX DAUMIN",
      "Spécificités": "Assemblage d'épices",
      "Commande Fournisseurs": "FR01.0007-08/02/2022",
      "Désignation Produit": "QUATRE EPICES - sachet 250 g",
      "Désignation Produit 1 ligne": "QUATRE EPICES - sachet 250 g",
      "Unité de vente détaillée": "1 X 250 g",
      "Délais d'appro (jours) (from FOURNISSEUR)": "15",
      "Nom de la Société (from FOURNISSEUR)": "Max Daumin",
      "Descriptif Producteur (from FOURNISSEUR)": "Des épices de producteurs La maitrise de la qualité gustative des épices et poivres ne peut se faire que si l’on maitrise la récolte et qui plante vos épices. Max Daumin sélectionne ainsi des épices brutes, non moulues directement auprès de ses producteurs en France et dans le monde. Fabrication de nos packagings en Auvergne-Rhône-Alpes et mouture réalisée dans l'Ain.",
      "Photos Producteurs (from FOURNISSEUR)": [
        {
          "id": "attYAOOy5uOVlVR6S",
          "width": 2048,
          "height": 2048,
          "url": "https://dl.airtable.com/.attachments/64e33a9c190c59001abdb8f17b3633dd/ff897487/219894231_1444958569205856_6064492114380868409_n.jpg?ts=1654586294&userId=usrF6kLgBaja75CMj&cs=4f174d77651ec16f",
          "filename": "219894231_1444958569205856_6064492114380868409_n.jpg",
          "size": 1262576,
          "type": "image/jpeg",
          "thumbnails": {
            "small": {
              "url": "https://dl.airtable.com/.attachmentThumbnails/b432dfd0cdcdd317555e1cddf12365ee/ccdd2c2c?ts=1654586294&userId=usrF6kLgBaja75CMj&cs=eb97483b05c904ac",
              "width": 36,
              "height": 36
            },
            "large": {
              "url": "https://dl.airtable.com/.attachmentThumbnails/186d0dcefbef6a13df5925cadc565ab4/a16281cb?ts=1654586294&userId=usrF6kLgBaja75CMj&cs=5f4c7f34eff73003",
              "width": 512,
              "height": 512
            },
            "full": {
              "url": "https://dl.airtable.com/.attachmentThumbnails/133b79275186e894d892ab82f66dffab/4d10634d?ts=1654586294&userId=usrF6kLgBaja75CMj&cs=88fdfbd5960bb3bd",
              "width": 3000,
              "height": 3000
            }
          }
        }
      ],
      "Label (from FOURNISSEUR)": ["AB", "CCF"],
      "LABEL LOGO (from FOURNISSEUR)": [
        {
          "id": "attOjlB3OP92IAQLw",
          "width": 1335,
          "height": 606,
          "url": "https://dl.airtable.com/.attachments/bde3a9041e764a52284e9d7e724c6906/c4f70304/Capture-2.png?ts=1654586294&userId=usrF6kLgBaja75CMj&cs=7a13c35073f4693a",
          "filename": "Capture-2.png",
          "size": 105113,
          "type": "image/png",
          "thumbnails": {
            "small": {
              "url": "https://dl.airtable.com/.attachmentThumbnails/d610587c76107b1b40e5a9504a63a299/420fc780?ts=1654586294&userId=usrF6kLgBaja75CMj&cs=70b0e4f3e026dd6b",
              "width": 79,
              "height": 36
            },
            "large": {
              "url": "https://dl.airtable.com/.attachmentThumbnails/5e662ed8382bb04d74a88e0fd59474a4/1071aab4?ts=1654586294&userId=usrF6kLgBaja75CMj&cs=4b212cfb1743424b",
              "width": 1128,
              "height": 512
            },
            "full": {
              "url": "https://dl.airtable.com/.attachmentThumbnails/e515a39fdc1988e16ad042723ede9501/17bb594b?ts=1654586294&userId=usrF6kLgBaja75CMj&cs=694b54ee1f00f647",
              "width": 3000,
              "height": 3000
            }
          }
        },
        {
          "id": "attMuhgIz0i6EF3sO",
          "width": 562,
          "height": 796,
          "url": "https://dl.airtable.com/.attachments/ac55e066dc4c694c226bc7aa3603b3ff/31baf7ba/PAQ_LOGO_DTOUR.png?ts=1654586294&userId=usrF6kLgBaja75CMj&cs=688ef98d43b2fe07",
          "filename": "PAQ_LOGO_DÉTOURÉ.png",
          "size": 123333,
          "type": "image/png",
          "thumbnails": {
            "small": {
              "url": "https://dl.airtable.com/.attachmentThumbnails/e4ab024c3f5ae6d6703b12b21c377b2f/011e11ad?ts=1654586294&userId=usrF6kLgBaja75CMj&cs=7febad892daee4e2",
              "width": 25,
              "height": 36
            },
            "large": {
              "url": "https://dl.airtable.com/.attachmentThumbnails/e38099c48c3548fe4a91ffd6022b1f90/5617c169?ts=1654586294&userId=usrF6kLgBaja75CMj&cs=9b828de300ba475b",
              "width": 512,
              "height": 725
            },
            "full": {
              "url": "https://dl.airtable.com/.attachmentThumbnails/3c384b36e8ef6fad60696f0f487e36e2/7835c7a6?ts=1654586294&userId=usrF6kLgBaja75CMj&cs=62ac7cb5884e8b9a",
              "width": 3000,
              "height": 3000
            }
          }
        },
        {
          "id": "attIF8nQPkfYQg3PD",
          "width": 245,
          "height": 245,
          "url": "https://dl.airtable.com/.attachments/30a5ed2ed078555a4bcfe03684fb85eb/372ed40a/IGP_inao_image_block.png?ts=1654586294&userId=usrF6kLgBaja75CMj&cs=3d50c67929537429",
          "filename": "IGP_inao_image_block.png",
          "size": 240796,
          "type": "image/png",
          "thumbnails": {
            "small": {
              "url": "https://dl.airtable.com/.attachmentThumbnails/0333ed4b7a128b7d06619f73677c9d6f/8c5f0926?ts=1654586294&userId=usrF6kLgBaja75CMj&cs=3e62618ee4eec0b4",
              "width": 36,
              "height": 36
            },
            "large": {
              "url": "https://dl.airtable.com/.attachmentThumbnails/c4178b165dbce5f0be0c580da79693eb/c4b7af40?ts=1654586294&userId=usrF6kLgBaja75CMj&cs=2a27ff491dd65a43",
              "width": 245,
              "height": 245
            },
            "full": {
              "url": "https://dl.airtable.com/.attachmentThumbnails/a5071bafb6139fdd1692b3869089d1a7/2cb765ef?ts=1654586294&userId=usrF6kLgBaja75CMj&cs=581cc153ce14c337",
              "width": 3000,
              "height": 3000
            }
          }
        }
      ],
      "Département (from FOURNISSEUR)": ["AIN"],
      "Code Postal (from FOURNISSEUR)": "01450",
      "Ville (from FOURNISSEUR)": "LEYSSARD",
      "STOCK DISPO (from Passerelle Stock vers BDD Produits/Producteurs)": "1",
      "Localisation (from FOURNISSEUR)": "01450 - LEYSSARD - AIN"
    },
    "name": "Quatre Epices",
    "weight": "sachet 250 g",
    "price": "11.00",
    "pricePerKg": "44.00",
    "stock": "En stock"
  },
  {
    "id": "recQAxYzkbgTF6kL1",
    "info": {
      "Code Produit QotQot": "FR01.0007.00711",
      "FOURNISSEUR": "Max Daumin",
      "Produit": "Cumin (99%) (moulu(e)) /Cuminum cyminum",
      "Catégorie": ["Épicerie salée"],
      "Type": ["Epices"],
      "Spécificité": "Epices moulues",
      "Statut": "Référencé",
      "Dispo": "En stock",
      "Prix d'achat unitaire €HT": 3.75,
      "Descriptif Produit": "L’évocation de l’orient est indéniable avec le cumin. C’est une épice « chaude » aux parfums persistants dotés de notes musquées et légèrement poivrées. Toute cette chaleur orientale est préservée dans notre berlingot.\nLa coriandre, le curcuma, le paprika seront ravis de s’unir avec le cumin.",
      "Image produits sans fond": [
        {
          "id": "attfXOr3EvNdYlZd5",
          "width": 532,
          "height": 469,
          "url": "https://dl.airtable.com/.attachments/6e9ebf73b1fa2539f7dff3474ecc6c4c/d26c57ce/cumin-dinde-removebg-preview.png?ts=1654586294&userId=usrF6kLgBaja75CMj&cs=d64e19a2f387c3b8",
          "filename": "cumin-dinde-removebg-preview.png",
          "size": 175780,
          "type": "image/png",
          "thumbnails": {
            "small": {
              "url": "https://dl.airtable.com/.attachmentThumbnails/83d2399d21fbb920885b578c56d80b90/5fdd3e98?ts=1654586294&userId=usrF6kLgBaja75CMj&cs=65821216453c0eeb",
              "width": 41,
              "height": 36
            },
            "large": {
              "url": "https://dl.airtable.com/.attachmentThumbnails/af4062e236caa87538ebecaca9e645dc/711963b9?ts=1654586294&userId=usrF6kLgBaja75CMj&cs=39a0361dd428ca22",
              "width": 532,
              "height": 469
            },
            "full": {
              "url": "https://dl.airtable.com/.attachmentThumbnails/82cbce37ced5cf05966cc7c694ab4817/fb170a8b?ts=1654586294&userId=usrF6kLgBaja75CMj&cs=c51dde7dc28da109",
              "width": 3000,
              "height": 3000
            }
          }
        }
      ],
      "EAN 13": { "text": "3770007570062" },
      "UVC - Conditionnement": "boite",
      "UVC - Poids/vol": 10,
      "UVC - Unité": " berlingots",
      "Prix d'achat kg/g/L €HT": 0.375,
      "Unité d'achat(X*UV)": 10,
      "Tx TVA": 0.055,
      "Produit Pro": true,
      "Produit Particulier": true,
      "Tarif Particulier TTC": 6.33,
      "numéro": 711,
      "Code Fournisseur (from Fournisseurs)": "FR01.0007",
      "Département (from Coordonnées Sociétés)": ["AIN"],
      "Franco €": "€250",
      "DESIGNATION": "CUMIN (99%) (MOULU(E)) /CUMINUM CYMINUM",
      "Conditionnement": "boite 10  berlingots",
      "Tarif Pro (HT)": 5.625,
      "Tarif Pro (HT) au Kg/L": 0.5625,
      "Unité Vente": 1,
      "Tarif Particulier TTC Arrondi": 6.4,
      "Image produits avec fond": [
        {
          "id": "attnlvRgHQ68Haia2",
          "width": 555,
          "height": 490,
          "url": "https://dl.airtable.com/.attachments/4bba55802847d3733e6579ea0024f0eb/f77eaa33/cumin-dinde.jpg?ts=1654586294&userId=usrF6kLgBaja75CMj&cs=c39f29bef342b8fb",
          "filename": "cumin-dinde.jpg",
          "size": 71700,
          "type": "image/jpeg",
          "thumbnails": {
            "small": {
              "url": "https://dl.airtable.com/.attachmentThumbnails/375a4e9443df088ac7e828cc97be1c90/44a4a122?ts=1654586294&userId=usrF6kLgBaja75CMj&cs=0164ffd702c94920",
              "width": 41,
              "height": 36
            },
            "large": {
              "url": "https://dl.airtable.com/.attachmentThumbnails/3873c3f93d3101a577b58924421b0a7e/ee6ff3c9?ts=1654586294&userId=usrF6kLgBaja75CMj&cs=a112506bebb650d0",
              "width": 555,
              "height": 490
            },
            "full": {
              "url": "https://dl.airtable.com/.attachmentThumbnails/21ad7a336558d693bc9dfb5d01166f09/e3965b2f?ts=1654586294&userId=usrF6kLgBaja75CMj&cs=92b1919d912413ab",
              "width": 3000,
              "height": 3000
            }
          }
        }
      ],
      "Nom complet Produit pour formulaire de Mouvement de Stock": "boite 10  berlingots-CUMIN (99%) (MOULU(E)) /CUMINUM CYMINUM//Max Daumin//FR01.0007.00711",
      "Prix de vente € TTC conseillé": 7.5,
      "Prix de vente typeform € TTC": 7.5,
      "DESIGNATION TYPEFORM": "Cumin (99%) (moulu(e)) /Cuminum cyminum - 10 berlingots -  // 7.50€",
      "Hypothèse 15% marge px pro": 6.981617647058823,
      "Idée Recette": "Usage : Soupes, légumes, volailles, agneau, fromages, pains",
      "CATEGORIE/TYPE": "Épicerie salée>Epices",
      "Condi.": "boite\n10  berlingots",
      "Disponibilité": "En stock",
      "PRODUCTEUR": "MAX DAUMIN",
      "Spécificités": "Epices moulues",
      "Désignation Produit": "CUMIN (99%) (MOULU(E)) /CUMINUM CYMINUM - boite 10  berlingots",
      "Désignation Produit 1 ligne": "CUMIN (99%) (MOULU(E)) /CUMINUM CYMINUM - boite 10  berlingots",
      "Unité de vente détaillée": "1 X 10  berlingots",
      "Délais d'appro (jours) (from FOURNISSEUR)": "15",
      "Nom de la Société (from FOURNISSEUR)": "Max Daumin",
      "Descriptif Producteur (from FOURNISSEUR)": "Des épices de producteurs La maitrise de la qualité gustative des épices et poivres ne peut se faire que si l’on maitrise la récolte et qui plante vos épices. Max Daumin sélectionne ainsi des épices brutes, non moulues directement auprès de ses producteurs en France et dans le monde. Fabrication de nos packagings en Auvergne-Rhône-Alpes et mouture réalisée dans l'Ain.",
      "Photos Producteurs (from FOURNISSEUR)": [
        {
          "id": "attYAOOy5uOVlVR6S",
          "width": 2048,
          "height": 2048,
          "url": "https://dl.airtable.com/.attachments/64e33a9c190c59001abdb8f17b3633dd/ff897487/219894231_1444958569205856_6064492114380868409_n.jpg?ts=1654586294&userId=usrF6kLgBaja75CMj&cs=4f174d77651ec16f",
          "filename": "219894231_1444958569205856_6064492114380868409_n.jpg",
          "size": 1262576,
          "type": "image/jpeg",
          "thumbnails": {
            "small": {
              "url": "https://dl.airtable.com/.attachmentThumbnails/b432dfd0cdcdd317555e1cddf12365ee/ccdd2c2c?ts=1654586294&userId=usrF6kLgBaja75CMj&cs=eb97483b05c904ac",
              "width": 36,
              "height": 36
            },
            "large": {
              "url": "https://dl.airtable.com/.attachmentThumbnails/186d0dcefbef6a13df5925cadc565ab4/a16281cb?ts=1654586294&userId=usrF6kLgBaja75CMj&cs=5f4c7f34eff73003",
              "width": 512,
              "height": 512
            },
            "full": {
              "url": "https://dl.airtable.com/.attachmentThumbnails/133b79275186e894d892ab82f66dffab/4d10634d?ts=1654586294&userId=usrF6kLgBaja75CMj&cs=88fdfbd5960bb3bd",
              "width": 3000,
              "height": 3000
            }
          }
        }
      ],
      "Label (from FOURNISSEUR)": ["AB", "CCF"],
      "LABEL LOGO (from FOURNISSEUR)": [
        {
          "id": "attOjlB3OP92IAQLw",
          "width": 1335,
          "height": 606,
          "url": "https://dl.airtable.com/.attachments/bde3a9041e764a52284e9d7e724c6906/c4f70304/Capture-2.png?ts=1654586294&userId=usrF6kLgBaja75CMj&cs=7a13c35073f4693a",
          "filename": "Capture-2.png",
          "size": 105113,
          "type": "image/png",
          "thumbnails": {
            "small": {
              "url": "https://dl.airtable.com/.attachmentThumbnails/d610587c76107b1b40e5a9504a63a299/420fc780?ts=1654586294&userId=usrF6kLgBaja75CMj&cs=70b0e4f3e026dd6b",
              "width": 79,
              "height": 36
            },
            "large": {
              "url": "https://dl.airtable.com/.attachmentThumbnails/5e662ed8382bb04d74a88e0fd59474a4/1071aab4?ts=1654586294&userId=usrF6kLgBaja75CMj&cs=4b212cfb1743424b",
              "width": 1128,
              "height": 512
            },
            "full": {
              "url": "https://dl.airtable.com/.attachmentThumbnails/e515a39fdc1988e16ad042723ede9501/17bb594b?ts=1654586294&userId=usrF6kLgBaja75CMj&cs=694b54ee1f00f647",
              "width": 3000,
              "height": 3000
            }
          }
        },
        {
          "id": "attMuhgIz0i6EF3sO",
          "width": 562,
          "height": 796,
          "url": "https://dl.airtable.com/.attachments/ac55e066dc4c694c226bc7aa3603b3ff/31baf7ba/PAQ_LOGO_DTOUR.png?ts=1654586294&userId=usrF6kLgBaja75CMj&cs=688ef98d43b2fe07",
          "filename": "PAQ_LOGO_DÉTOURÉ.png",
          "size": 123333,
          "type": "image/png",
          "thumbnails": {
            "small": {
              "url": "https://dl.airtable.com/.attachmentThumbnails/e4ab024c3f5ae6d6703b12b21c377b2f/011e11ad?ts=1654586294&userId=usrF6kLgBaja75CMj&cs=7febad892daee4e2",
              "width": 25,
              "height": 36
            },
            "large": {
              "url": "https://dl.airtable.com/.attachmentThumbnails/e38099c48c3548fe4a91ffd6022b1f90/5617c169?ts=1654586294&userId=usrF6kLgBaja75CMj&cs=9b828de300ba475b",
              "width": 512,
              "height": 725
            },
            "full": {
              "url": "https://dl.airtable.com/.attachmentThumbnails/3c384b36e8ef6fad60696f0f487e36e2/7835c7a6?ts=1654586294&userId=usrF6kLgBaja75CMj&cs=62ac7cb5884e8b9a",
              "width": 3000,
              "height": 3000
            }
          }
        },
        {
          "id": "attIF8nQPkfYQg3PD",
          "width": 245,
          "height": 245,
          "url": "https://dl.airtable.com/.attachments/30a5ed2ed078555a4bcfe03684fb85eb/372ed40a/IGP_inao_image_block.png?ts=1654586294&userId=usrF6kLgBaja75CMj&cs=3d50c67929537429",
          "filename": "IGP_inao_image_block.png",
          "size": 240796,
          "type": "image/png",
          "thumbnails": {
            "small": {
              "url": "https://dl.airtable.com/.attachmentThumbnails/0333ed4b7a128b7d06619f73677c9d6f/8c5f0926?ts=1654586294&userId=usrF6kLgBaja75CMj&cs=3e62618ee4eec0b4",
              "width": 36,
              "height": 36
            },
            "large": {
              "url": "https://dl.airtable.com/.attachmentThumbnails/c4178b165dbce5f0be0c580da79693eb/c4b7af40?ts=1654586294&userId=usrF6kLgBaja75CMj&cs=2a27ff491dd65a43",
              "width": 245,
              "height": 245
            },
            "full": {
              "url": "https://dl.airtable.com/.attachmentThumbnails/a5071bafb6139fdd1692b3869089d1a7/2cb765ef?ts=1654586294&userId=usrF6kLgBaja75CMj&cs=581cc153ce14c337",
              "width": 3000,
              "height": 3000
            }
          }
        }
      ],
      "Département (from FOURNISSEUR)": ["AIN"],
      "Code Postal (from FOURNISSEUR)": "01450",
      "Ville (from FOURNISSEUR)": "LEYSSARD",
      "STOCK DISPO (from Passerelle Stock vers BDD Produits/Producteurs)": "9",
      "Import CSV Shopify": "FR01.0007.00711",
      "Localisation (from FOURNISSEUR)": "01450 - LEYSSARD - AIN"
    },
    "name": "Cumin (99%) (moulu(e)) /Cuminum cyminum",
    "weight": "boite 10  berlingots",
    "price": "3.75",
    "pricePerKg": "0.38",
    "stock": "En stock",
    "picture": "https://dl.airtable.com/.attachments/6e9ebf73b1fa2539f7dff3474ecc6c4c/d26c57ce/cumin-dinde-removebg-preview.png?ts=1654586294&userId=usrF6kLgBaja75CMj&cs=d64e19a2f387c3b8"
  },
  {
    "id": "recQpvuNy69rRfbTc",
    "info": {
      "Code Produit QotQot": "FR15.0018.00489",
      "FOURNISSEUR": "La lentille Blonde de Saint-Flour",
      "Produit": "Farine de lentilles blondes de St-Flour",
      "Catégorie": ["Épicerie salée"],
      "Type": ["Légumineuses"],
      "Spécificité": "Lentilles",
      "Statut": "Référencé",
      "Dispo": "En stock",
      "Prix d'achat unitaire €HT": 2.5,
      "Descriptif Produit": "Voilà enfin une farine hors du commun qui ne vous laissera pas indifférents.",
      "Image produits sans fond": [
        {
          "id": "attGVCzFKXtDQoyF8",
          "width": 510,
          "height": 340,
          "url": "https://dl.airtable.com/.attachments/e0f104c9fa1ebdf1284dd0abd1ce10d3/2b4e837d/farine_lentille_blonde-removebg-preview.png?ts=1654586294&userId=usrF6kLgBaja75CMj&cs=bc88556ce24d5f9c",
          "filename": "farine_lentille_blonde-removebg-preview.png",
          "size": 71592,
          "type": "image/png",
          "thumbnails": {
            "small": {
              "url": "https://dl.airtable.com/.attachmentThumbnails/b0b860765f763580fa820d2833fed8c5/a162e0dc?ts=1654586294&userId=usrF6kLgBaja75CMj&cs=62ea774ca9d8b222",
              "width": 54,
              "height": 36
            },
            "large": {
              "url": "https://dl.airtable.com/.attachmentThumbnails/bd43b6ca34690cc12573e8e14625e85b/e969c185?ts=1654586294&userId=usrF6kLgBaja75CMj&cs=b74dc042ff1b6fcc",
              "width": 510,
              "height": 340
            },
            "full": {
              "url": "https://dl.airtable.com/.attachmentThumbnails/39db697e8a23ea003e33472a0761c92c/d253f9b9?ts=1654586294&userId=usrF6kLgBaja75CMj&cs=ce435def624c8e24",
              "width": 3000,
              "height": 3000
            }
          }
        }
      ],
      "UVC - Conditionnement": "sachet",
      "UVC - Poids/vol": 500,
      "UVC - Unité": "g",
      "Prix d'achat kg/g/L €HT": 5,
      "Unité d'achat(X*UV)": 16,
      "Tx TVA": 0.055,
      "Produit Pro": true,
      "Produit Particulier": true,
      "Tarif Particulier TTC": 4.22,
      "Commentaires": "Pour les tartes aux pommes, les potage d'hiver, le bœuf bourgignon, crèpe",
      "numéro": 489,
      "Code Fournisseur (from Fournisseurs)": "FR15.0018",
      "Département (from Coordonnées Sociétés)": ["CANTAL"],
      "Franco €": "€0",
      "DESIGNATION": "FARINE DE LENTILLES BLONDES DE ST-FLOUR",
      "Conditionnement": "sachet 500 g",
      "Tarif Pro (HT)": 3.75,
      "Tarif Pro (HT) au Kg/L": 7.5,
      "Unité Vente": 1,
      "Tarif Particulier TTC Arrondi": 4.3,
      "Image produits avec fond": [
        {
          "id": "atta5dlaQtjJJd8WI",
          "width": 510,
          "height": 340,
          "url": "https://dl.airtable.com/.attachments/30e36b3a753623881ad722bfe70e31f5/48652d72/farinelentilleblonde.jpg?ts=1654586294&userId=usrF6kLgBaja75CMj&cs=5a1ab43fd2267542",
          "filename": "farine lentille blonde.jpg",
          "size": 41287,
          "type": "image/jpeg",
          "thumbnails": {
            "small": {
              "url": "https://dl.airtable.com/.attachmentThumbnails/452167e700a4e67fa2a0dce85259a940/d1475719?ts=1654586294&userId=usrF6kLgBaja75CMj&cs=2dbf5b009f698a56",
              "width": 54,
              "height": 36
            },
            "large": {
              "url": "https://dl.airtable.com/.attachmentThumbnails/000f784eea80bde16b7936734ca4669f/36d9c882?ts=1654586294&userId=usrF6kLgBaja75CMj&cs=31ed71184b2e6e1e",
              "width": 510,
              "height": 340
            },
            "full": {
              "url": "https://dl.airtable.com/.attachmentThumbnails/fd7ae95636654994fa3f0997aeea54c0/039624b1?ts=1654586294&userId=usrF6kLgBaja75CMj&cs=be266640b5eeb776",
              "width": 3000,
              "height": 3000
            }
          }
        }
      ],
      "Nom complet Produit pour formulaire de Mouvement de Stock": "sachet 500 g-FARINE DE LENTILLES BLONDES DE ST-FLOUR//La lentille Blonde de Saint-Flour//FR15.0018.00489",
      "Prix de vente € TTC conseillé": 5,
      "Prix de vente typeform € TTC": 4.9,
      "DESIGNATION TYPEFORM": "Farine de lentilles blondes de St-Flour - 500g -  // 4.90€",
      "Hypothèse 15% marge px pro": 4.654411764705882,
      "Idée Recette": "Convient parfaitement pour faire des crêpes et des pâtisseries.",
      "CATEGORIE/TYPE": "Épicerie salée>Légumineuses",
      "Condi.": "sachet\n500 g",
      "Disponibilité": "En stock",
      "PRODUCTEUR": "LA LENTILLE BLONDE DE SAINT-FLOUR",
      "Spécificités": "Lentilles",
      "Désignation Produit": "FARINE DE LENTILLES BLONDES DE ST-FLOUR - sachet 500 g",
      "Désignation Produit 1 ligne": "FARINE DE LENTILLES BLONDES DE ST-FLOUR - sachet 500 g",
      "Unité de vente détaillée": "1 X 500 g",
      "Délais d'appro (jours) (from FOURNISSEUR)": "15",
      "Nom de la Société (from FOURNISSEUR)": "La lentille Blonde de Saint-Flour",
      "Descriptif Producteur (from FOURNISSEUR)": "SERGE RAMADIER - Producteur dans le Cantal - Auvergne \"La lentille de Saint-Flour nous apporte, par sa typicité, l’expression réelle du terroir volcanique et montagnard auquel elle appartient\". Une agriculture sociale et solidaire car l’ensemble de notre production est conditionné par l’ESAT de Saint-Flour et ceux depuis 2004",
      "Photos Producteurs (from FOURNISSEUR)": [
        {
          "id": "attgHbrESum7WHiHo",
          "width": 622,
          "height": 301,
          "url": "https://dl.airtable.com/.attachments/94ec70ffda7711f3fd0e5becc92617fe/da4203f8/Serge_Ramadier_producteur_de_lentilles_blondes_a_Saint-Flour_...?ts=1654586294&userId=usrF6kLgBaja75CMj&cs=ea8bbd9443ed6bae",
          "filename": "Serge_Ramadier_producteur_de_lentilles_blondes_a_Saint-Flour_...",
          "size": 29983,
          "type": "image/jpeg",
          "thumbnails": {
            "small": {
              "url": "https://dl.airtable.com/.attachmentThumbnails/c7a681d4f1f679f1a6625f3ed1bbf1be/ceb993cd?ts=1654586294&userId=usrF6kLgBaja75CMj&cs=67da617e6d216220",
              "width": 74,
              "height": 36
            },
            "large": {
              "url": "https://dl.airtable.com/.attachmentThumbnails/f3af92fdb37dde9405b8b5687c53fd4b/041f539f?ts=1654586294&userId=usrF6kLgBaja75CMj&cs=eee66c591515511a",
              "width": 622,
              "height": 301
            },
            "full": {
              "url": "https://dl.airtable.com/.attachmentThumbnails/8e05c1b6ff90d98dd9b0d99da4145ac3/17eaaa37?ts=1654586294&userId=usrF6kLgBaja75CMj&cs=d51e87fffdc72d1f",
              "width": 3000,
              "height": 3000
            }
          }
        }
      ],
      "Label (from FOURNISSEUR)": ["La région du goût"],
      "LABEL LOGO (from FOURNISSEUR)": [
        {
          "id": "att00CpbJDmobHibi",
          "width": 800,
          "height": 800,
          "url": "https://dl.airtable.com/.attachments/29b77a8bbbdea8886f6d92fe8acd2c45/079ba2af/logos_La_region_du_Gout-03.jpg?ts=1654586294&userId=usrF6kLgBaja75CMj&cs=32a95b018ac3f554",
          "filename": "logos_La_region_du_Gout-03.jpg",
          "size": 70362,
          "type": "image/jpeg",
          "thumbnails": {
            "small": {
              "url": "https://dl.airtable.com/.attachmentThumbnails/306061d7cc3ed7de82c1ca15d0df0789/62804379?ts=1654586294&userId=usrF6kLgBaja75CMj&cs=b39cfd205336a91e",
              "width": 36,
              "height": 36
            },
            "large": {
              "url": "https://dl.airtable.com/.attachmentThumbnails/d9105bb7f8fb22fce5080f55fd8ee3a0/327e9284?ts=1654586294&userId=usrF6kLgBaja75CMj&cs=2540ad81aeb58020",
              "width": 512,
              "height": 512
            },
            "full": {
              "url": "https://dl.airtable.com/.attachmentThumbnails/762bbbcf574ed19ffc019a7d533f40f8/66b0d459?ts=1654586294&userId=usrF6kLgBaja75CMj&cs=a02edf4502c61df1",
              "width": 3000,
              "height": 3000
            }
          }
        }
      ],
      "Département (from FOURNISSEUR)": ["CANTAL"],
      "Code Postal (from FOURNISSEUR)": "15100",
      "Ville (from FOURNISSEUR)": "SAINT FLOUR",
      "STOCK DISPO (from Passerelle Stock vers BDD Produits/Producteurs)": "12",
      "Import CSV Shopify": "FR15.0018.00489",
      "Localisation (from FOURNISSEUR)": "15100 - SAINT FLOUR - CANTAL"
    },
    "name": "Farine de lentilles blondes de St-Flour",
    "weight": "sachet 500 g",
    "price": "2.50",
    "pricePerKg": "5.00",
    "stock": "En stock",
    "picture": "https://dl.airtable.com/.attachments/e0f104c9fa1ebdf1284dd0abd1ce10d3/2b4e837d/farine_lentille_blonde-removebg-preview.png?ts=1654586294&userId=usrF6kLgBaja75CMj&cs=bc88556ce24d5f9c"
  },
  {
    "id": "recR1KILlxFH96q8S",
    "info": {
      "Code Produit QotQot": "FR26.0019.01308",
      "FOURNISSEUR": "Provence Alpes",
      "Produit": "Anchoïade",
      "Catégorie": ["Épicerie salée"],
      "Type": ["Tartinables"],
      "Spécificité": "Anchois",
      "Statut": "Référencé",
      "Dispo": "En stock",
      "Prix d'achat unitaire €HT": 1.42,
      "Image produits sans fond": [
        {
          "id": "attcfd9PqbHEtInUJ",
          "width": 493,
          "height": 506,
          "url": "https://dl.airtable.com/.attachments/2c4cffc2ff907aad376e6d0d9a366553/7574085e/Anchoiade-removebg-preview.png?ts=1654586294&userId=usrF6kLgBaja75CMj&cs=8c2a9644229080d6",
          "filename": "Anchoiade-removebg-preview.png",
          "size": 298209,
          "type": "image/png",
          "thumbnails": {
            "small": {
              "url": "https://dl.airtable.com/.attachmentThumbnails/452f544256df2f02543f61ed552a12a3/38ffd7a9?ts=1654586294&userId=usrF6kLgBaja75CMj&cs=71b640a1c8f9d156",
              "width": 35,
              "height": 36
            },
            "large": {
              "url": "https://dl.airtable.com/.attachmentThumbnails/6b2967b67e7f42513e31b17466450b16/e1575af4?ts=1654586294&userId=usrF6kLgBaja75CMj&cs=2e5f4d4f48cefa15",
              "width": 493,
              "height": 506
            },
            "full": {
              "url": "https://dl.airtable.com/.attachmentThumbnails/1f8900c23ee19dfe36b122bec695ddca/fb43bc26?ts=1654586294&userId=usrF6kLgBaja75CMj&cs=6f4810d4d8733ca0",
              "width": 3000,
              "height": 3000
            }
          }
        }
      ],
      "UVC - Conditionnement": "bocal verre",
      "UVC - Poids/vol": 100,
      "UVC - Unité": "g",
      "Prix d'achat kg/g/L €HT": 14.2,
      "Unité d'achat(X*UV)": 6,
      "Tx TVA": 0.055,
      "Produit Pro": true,
      "Produit Particulier": true,
      "Tarif Particulier TTC": 2.3969599999999995,
      "numéro": 1308,
      "Code Fournisseur (from Fournisseurs)": "FR26.0019",
      "Département (from Coordonnées Sociétés)": ["DRÔME"],
      "DESIGNATION": "ANCHOÏADE",
      "Conditionnement": "bocal verre 100 g",
      "Tarif Pro (HT)": 2.13,
      "Tarif Pro (HT) au Kg/L": 21.3,
      "Unité Vente": 1,
      "Tarif Particulier TTC Arrondi": 2.4000000000000004,
      "Commentaire descriptif": "pas de description",
      "Image produits avec fond": [
        {
          "id": "att8rFjAFe9ixOaCL",
          "width": 1747,
          "height": 1791,
          "url": "https://dl.airtable.com/.attachments/c345a9ecaacfa831b978ffcd2d46cf59/49bc8075/Anchoiade.jpg?ts=1654586294&userId=usrF6kLgBaja75CMj&cs=f959d6ecae735a6d",
          "filename": "Anchoiade.jpg",
          "size": 681115,
          "type": "image/jpeg",
          "thumbnails": {
            "small": {
              "url": "https://dl.airtable.com/.attachmentThumbnails/189a57b950ac648b51581629e758504f/84da845e?ts=1654586294&userId=usrF6kLgBaja75CMj&cs=6215f49b0e428cfc",
              "width": 35,
              "height": 36
            },
            "large": {
              "url": "https://dl.airtable.com/.attachmentThumbnails/b506b48117c086e4c22bfdd8bbef864d/3f8263ee?ts=1654586294&userId=usrF6kLgBaja75CMj&cs=ac462a8b5cac5fec",
              "width": 512,
              "height": 525
            },
            "full": {
              "url": "https://dl.airtable.com/.attachmentThumbnails/d7623515831799cb79d4ed842855944e/81fe5c2c?ts=1654586294&userId=usrF6kLgBaja75CMj&cs=08a6ba61cc8be077",
              "width": 3000,
              "height": 3000
            }
          }
        }
      ],
      "Nom complet Produit pour formulaire de Mouvement de Stock": "bocal verre 100 g-ANCHOÏADE//Provence Alpes//FR26.0019.01308",
      "Prix de vente typeform € TTC": 3.4,
      "DESIGNATION TYPEFORM": "Anchoïade - 100g -  // 3.40€",
      "Hypothèse 15% marge px pro": 2.643705882352941,
      "CATEGORIE/TYPE": "Épicerie salée>Tartinables",
      "Condi.": "bocal verre\n100 g",
      "Disponibilité": "En stock",
      "PRODUCTEUR": "PROVENCE ALPES",
      "Spécificités": "Anchois",
      "Désignation Produit": "ANCHOÏADE - bocal verre 100 g",
      "Désignation Produit 1 ligne": "ANCHOÏADE - bocal verre 100 g",
      "Unité de vente détaillée": "1 X 100 g",
      "Délais d'appro (jours) (from FOURNISSEUR)": "10",
      "Nom de la Société (from FOURNISSEUR)": "Provence Alpes",
      "Descriptif Producteur (from FOURNISSEUR)": "Provence Alpes   L’histoire de Provence Alpes débute avec Monsieur Claude DIEMOZ qui a œuvré au niveau national à la création de l’Institut ITEIPMAI. Également producteur de plantes aromatiques, il a créé la société GEL’PAM (1992), dont l’activité est la surgélation de plantes aromatiques cultivées en Drôme (premier département Français producteur de plantes aromatiques).  La société Provence Alpes est implantée au cœur de la Drôme depuis plus de 20 ans. Son objectif est d’élaborer les meilleures sauces et aides culinaires afin de satisfaire au mieux les exigences de ses clients. Ses produits sont réalisés à partir de matières premières, rigoureusement sélectionnées et en privilégiant les origines locales du premier département Français producteur de plantes aromatiques. La satisfaction des clients est une priorité pour Provence Alpes. Pour ce faire, l’entreprise fait preuve d’une grande réactivité face à la demande. Forte de son expérience en matière de création de recettes, la société Provence Alpes est à même de vous proposer une large gamme de produits. Elle peut vous aider à élaborer et fabriquer vos propres formules et à adapter des recettes à vos besoins.",
      "Photos Producteurs (from FOURNISSEUR)": [
        {
          "id": "attRVuNQ27ZQ1h630",
          "width": 450,
          "height": 332,
          "url": "https://dl.airtable.com/.attachments/71d722d4f2004abe534ec162be51abd2/cce3870b/CDIEMOZ.png?ts=1654586294&userId=usrF6kLgBaja75CMj&cs=d815af8bf708af02",
          "filename": "CDIEMOZ.png",
          "size": 333867,
          "type": "image/png",
          "thumbnails": {
            "small": {
              "url": "https://dl.airtable.com/.attachmentThumbnails/104b46b4147bd61450a405fbeef809b3/e94b27d9?ts=1654586294&userId=usrF6kLgBaja75CMj&cs=d09556c9e0d64dd3",
              "width": 49,
              "height": 36
            },
            "large": {
              "url": "https://dl.airtable.com/.attachmentThumbnails/ad310d2e471214c1c6d78c12cbb15657/ec767575?ts=1654586294&userId=usrF6kLgBaja75CMj&cs=0a89f85a99730bc2",
              "width": 450,
              "height": 332
            },
            "full": {
              "url": "https://dl.airtable.com/.attachmentThumbnails/720280978ef0b142a25e24a3d7ddd97d/d83adc28?ts=1654586294&userId=usrF6kLgBaja75CMj&cs=d50b9fb9662c7558",
              "width": 3000,
              "height": 3000
            }
          }
        }
      ],
      "Label (from FOURNISSEUR)": ["AB"],
      "LABEL LOGO (from FOURNISSEUR)": [
        {
          "id": "atthdViQyZ14LUu8l",
          "width": 1335,
          "height": 606,
          "url": "https://dl.airtable.com/.attachments/0d38d4bd251d74a58a370972d36e2d16/bbd1e6dd/Capture-2.png?ts=1654586294&userId=usrF6kLgBaja75CMj&cs=5613e82b554bf6db",
          "filename": "Capture-2.png",
          "size": 105113,
          "type": "image/png",
          "thumbnails": {
            "small": {
              "url": "https://dl.airtable.com/.attachmentThumbnails/d29e6895f30966e9dd650c26d42c694c/528b8acc?ts=1654586294&userId=usrF6kLgBaja75CMj&cs=4a7960b96ffd4eb6",
              "width": 79,
              "height": 36
            },
            "large": {
              "url": "https://dl.airtable.com/.attachmentThumbnails/43bc2d03176c12b59a06a15126d895c5/2d781fa8?ts=1654586294&userId=usrF6kLgBaja75CMj&cs=2d8a117035c3edfd",
              "width": 1128,
              "height": 512
            },
            "full": {
              "url": "https://dl.airtable.com/.attachmentThumbnails/c10f50df2e56d08c78870d0f258cabc7/c7210777?ts=1654586294&userId=usrF6kLgBaja75CMj&cs=bd975310d2340565",
              "width": 3000,
              "height": 3000
            }
          }
        }
      ],
      "Département (from FOURNISSEUR)": ["DRÔME"],
      "Code Postal (from FOURNISSEUR)": "26270",
      "Ville (from FOURNISSEUR)": "Saulce sur Rhône",
      "STOCK DISPO (from Passerelle Stock vers BDD Produits/Producteurs)": "2",
      "Import CSV Shopify": "FR26.0019.01308",
      "Localisation (from FOURNISSEUR)": "26270 - SAULCE SUR RHÔNE - DRÔME"
    },
    "name": "Anchoïade",
    "weight": "bocal verre 100 g",
    "price": "1.42",
    "pricePerKg": "14.20",
    "stock": "En stock",
    "picture": "https://dl.airtable.com/.attachments/2c4cffc2ff907aad376e6d0d9a366553/7574085e/Anchoiade-removebg-preview.png?ts=1654586294&userId=usrF6kLgBaja75CMj&cs=8c2a9644229080d6"
  },
  {
    "id": "recR3iWSVUche7zWj",
    "info": {
      "Code Produit QotQot": "FR69.0226.01498",
      "FOURNISSEUR": "CROC",
      "Produit": "Barres céréales Choco crispy",
      "Catégorie": ["Épicerie sucrée"],
      "Type": ["Barres Céréales"],
      "Spécificité": "Chocolat",
      "Statut": "Référencé",
      "Dispo": "En stock",
      "Prix d'achat unitaire €HT": 1.1,
      "Image produits sans fond": [
        {
          "id": "att7mqdQPqjbKO58o",
          "width": 2000,
          "height": 2000,
          "url": "https://dl.airtable.com/.attachments/29e2fe4e4dfd3e99a74ae8da51292741/8bc40edc/BARRE-CHOCO-CRISPY.jpg?ts=1654586294&userId=usrF6kLgBaja75CMj&cs=0d93b93aec54daab",
          "filename": "BARRE-CHOCO-CRISPY.jpg",
          "size": 330115,
          "type": "image/jpeg",
          "thumbnails": {
            "small": {
              "url": "https://dl.airtable.com/.attachmentThumbnails/807907e873af960ae9ede515cd70192e/196d66d2?ts=1654586294&userId=usrF6kLgBaja75CMj&cs=7b8fef4697b7e557",
              "width": 36,
              "height": 36
            },
            "large": {
              "url": "https://dl.airtable.com/.attachmentThumbnails/6581a4ed1019f1b476adb0e132a54762/b5e086a8?ts=1654586294&userId=usrF6kLgBaja75CMj&cs=e70d2ee9cd824ac4",
              "width": 512,
              "height": 512
            },
            "full": {
              "url": "https://dl.airtable.com/.attachmentThumbnails/6b424e3e3c721e19fd53b1cefd5aacb9/2baf3da4?ts=1654586294&userId=usrF6kLgBaja75CMj&cs=0a33ecb92c22b2af",
              "width": 3000,
              "height": 3000
            }
          }
        }
      ],
      "EAN 13": { "text": "376028009 0081" },
      "SIQO": ["BIO"],
      "DDM (mois)": 8,
      "UVC - Conditionnement": "sachet",
      "UVC - Poids/vol": 38,
      "UVC - Unité": "g",
      "Prix d'achat kg/g/L €HT": 28.947368421052634,
      "Unité d'achat(X*UV)": 22,
      "Tx TVA": 0.055,
      "Produit Pro": true,
      "Produit Particulier": true,
      "Tarif Particulier TTC": 1.8568000000000002,
      "numéro": 1498,
      "Code Fournisseur (from Fournisseurs)": "FR69.0226",
      "Département (from Coordonnées Sociétés)": ["RHÔNE"],
      "Franco €": "€150",
      "DESIGNATION": "BARRES CÉRÉALES CHOCO CRISPY - BIO",
      "Conditionnement": "sachet 38 g",
      "Tarif Pro (HT)": 1.6500000000000001,
      "Tarif Pro (HT) au Kg/L": 43.42105263157895,
      "Unité Vente": 1,
      "Tarif Particulier TTC Arrondi": 1.9000000000000001,
      "LABEL": [
        {
          "id": "attdzLJnjcNd0rRmE",
          "width": 1335,
          "height": 606,
          "url": "https://dl.airtable.com/.attachments/0e9e633af4f109241b1f6cc70f2cb0bc/fe8d7a9e/Capture-2.png?ts=1654586294&userId=usrF6kLgBaja75CMj&cs=aea7a14f8a72c9bc",
          "filename": "Capture-2.png",
          "size": 105113,
          "type": "image/png",
          "thumbnails": {
            "small": {
              "url": "https://dl.airtable.com/.attachmentThumbnails/5e394e47a9ef364059f4dd554b2473c3/1cd419bf?ts=1654586294&userId=usrF6kLgBaja75CMj&cs=2215178bbd0704ff",
              "width": 79,
              "height": 36
            },
            "large": {
              "url": "https://dl.airtable.com/.attachmentThumbnails/e8ae48781a550c1899f42cc102006df4/47cf57c9?ts=1654586294&userId=usrF6kLgBaja75CMj&cs=0f384d2befc8856f",
              "width": 1128,
              "height": 512
            },
            "full": {
              "url": "https://dl.airtable.com/.attachmentThumbnails/4b4f2305169a6254d9ae9f526c9dedef/b11e2141?ts=1654586294&userId=usrF6kLgBaja75CMj&cs=12316e7ecbc90f2c",
              "width": 3000,
              "height": 3000
            }
          }
        }
      ],
      "Image produits avec fond": [
        {
          "id": "att7mqdQPqjbKO58o",
          "width": 2000,
          "height": 2000,
          "url": "https://dl.airtable.com/.attachments/29e2fe4e4dfd3e99a74ae8da51292741/8bc40edc/BARRE-CHOCO-CRISPY.jpg?ts=1654586294&userId=usrF6kLgBaja75CMj&cs=0d93b93aec54daab",
          "filename": "BARRE-CHOCO-CRISPY.jpg",
          "size": 330115,
          "type": "image/jpeg",
          "thumbnails": {
            "small": {
              "url": "https://dl.airtable.com/.attachmentThumbnails/807907e873af960ae9ede515cd70192e/196d66d2?ts=1654586294&userId=usrF6kLgBaja75CMj&cs=7b8fef4697b7e557",
              "width": 36,
              "height": 36
            },
            "large": {
              "url": "https://dl.airtable.com/.attachmentThumbnails/6581a4ed1019f1b476adb0e132a54762/b5e086a8?ts=1654586294&userId=usrF6kLgBaja75CMj&cs=e70d2ee9cd824ac4",
              "width": 512,
              "height": 512
            },
            "full": {
              "url": "https://dl.airtable.com/.attachmentThumbnails/6b424e3e3c721e19fd53b1cefd5aacb9/2baf3da4?ts=1654586294&userId=usrF6kLgBaja75CMj&cs=0a33ecb92c22b2af",
              "width": 3000,
              "height": 3000
            }
          }
        }
      ],
      "Nom complet Produit pour formulaire de Mouvement de Stock": "sachet 38 g-BARRES CÉRÉALES CHOCO CRISPY - BIO//CROC//FR69.0226.01498",
      "Prix de vente € TTC conseillé": 1.86,
      "Prix de vente typeform € TTC": 2.1,
      "DESIGNATION TYPEFORM": "Barres céréales Choco crispy - 38g - BIO // 2.10€",
      "Hypothèse 15% marge px pro": 2.047941176470588,
      "CATEGORIE/TYPE": "Épicerie sucrée>Barres Céréales",
      "Condi.": "sachet\n38 g",
      "Disponibilité": "En stock",
      "PRODUCTEUR": "CROC",
      "Spécificités": "Chocolat",
      "Commande Fournisseurs": "FR69.0226-14/03/2022",
      "Désignation Produit": "BARRES CÉRÉALES CHOCO CRISPY - BIO - sachet 38 g",
      "Désignation Produit 1 ligne": "BARRES CÉRÉALES CHOCO CRISPY - BIO - sachet 38 g",
      "Unité de vente détaillée": "1 X 38 g",
      "Délais d'appro (jours) (from FOURNISSEUR)": "6",
      "Nom de la Société (from FOURNISSEUR)": "CROC",
      "Descriptif Producteur (from FOURNISSEUR)": "Depuis 2017, CROC, torréfie et transforme des fruits secs bio pour vous proposer des recettes salées et sucrées saines et pleines de goût. Notre gamme est 100% bio, principalement équitable et intégralement disponible en format vrac. Très attachés au savoir faire et au goût, nous choisissons les meilleures matières premières et travaillons en direct avec nos fournisseurs pour vous proposer la meilleure qualité sans concession sur le prix.",
      "Photos Producteurs (from FOURNISSEUR)": [
        {
          "id": "att3d1SGKjLXPJmSc",
          "width": 600,
          "height": 600,
          "url": "https://dl.airtable.com/.attachments/533cbbf9c926a4bc315296c3bb8992d8/9e2fd401/virginie-olivier-web-600x600.jpg?ts=1654586294&userId=usrF6kLgBaja75CMj&cs=772e6b03ca1f2acf",
          "filename": "virginie-olivier-web-600x600.jpg",
          "size": 62676,
          "type": "image/jpeg",
          "thumbnails": {
            "small": {
              "url": "https://dl.airtable.com/.attachmentThumbnails/c94639dfe17446a54b40e0756a1fe9cc/5faa26a9?ts=1654586294&userId=usrF6kLgBaja75CMj&cs=824c708b8d1214b5",
              "width": 36,
              "height": 36
            },
            "large": {
              "url": "https://dl.airtable.com/.attachmentThumbnails/31de9a9f5133222bf7b67144c5c3dca8/c07a7c5f?ts=1654586294&userId=usrF6kLgBaja75CMj&cs=60ba5bfd55839111",
              "width": 512,
              "height": 512
            },
            "full": {
              "url": "https://dl.airtable.com/.attachmentThumbnails/25d8f1d84b3233c11dcbd960c5957f8d/b0e5d88b?ts=1654586294&userId=usrF6kLgBaja75CMj&cs=576067acb95995b0",
              "width": 3000,
              "height": 3000
            }
          }
        }
      ],
      "Label (from FOURNISSEUR)": ["AB"],
      "LABEL LOGO (from FOURNISSEUR)": [
        {
          "id": "atthdViQyZ14LUu8l",
          "width": 1335,
          "height": 606,
          "url": "https://dl.airtable.com/.attachments/0d38d4bd251d74a58a370972d36e2d16/bbd1e6dd/Capture-2.png?ts=1654586294&userId=usrF6kLgBaja75CMj&cs=5613e82b554bf6db",
          "filename": "Capture-2.png",
          "size": 105113,
          "type": "image/png",
          "thumbnails": {
            "small": {
              "url": "https://dl.airtable.com/.attachmentThumbnails/d29e6895f30966e9dd650c26d42c694c/528b8acc?ts=1654586294&userId=usrF6kLgBaja75CMj&cs=4a7960b96ffd4eb6",
              "width": 79,
              "height": 36
            },
            "large": {
              "url": "https://dl.airtable.com/.attachmentThumbnails/43bc2d03176c12b59a06a15126d895c5/2d781fa8?ts=1654586294&userId=usrF6kLgBaja75CMj&cs=2d8a117035c3edfd",
              "width": 1128,
              "height": 512
            },
            "full": {
              "url": "https://dl.airtable.com/.attachmentThumbnails/c10f50df2e56d08c78870d0f258cabc7/c7210777?ts=1654586294&userId=usrF6kLgBaja75CMj&cs=bd975310d2340565",
              "width": 3000,
              "height": 3000
            }
          }
        }
      ],
      "Département (from FOURNISSEUR)": ["RHÔNE"],
      "Code Postal (from FOURNISSEUR)": "69007",
      "Ville (from FOURNISSEUR)": "Lyon",
      "STOCK DISPO (from Passerelle Stock vers BDD Produits/Producteurs)": "17",
      "Import CSV Shopify": "FR69.0226.01498",
      "Localisation (from FOURNISSEUR)": "69007 - LYON - RHÔNE"
    },
    "name": "Barres céréales Choco crispy",
    "weight": "sachet 38 g",
    "price": "1.10",
    "pricePerKg": "28.95",
    "stock": "En stock",
    "picture": "https://dl.airtable.com/.attachments/29e2fe4e4dfd3e99a74ae8da51292741/8bc40edc/BARRE-CHOCO-CRISPY.jpg?ts=1654586294&userId=usrF6kLgBaja75CMj&cs=0d93b93aec54daab"
  },
  {
    "id": "recRaCAKTjg32cRIj",
    "info": {
      "Code Produit QotQot": "FR03.0015.00416",
      "FOURNISSEUR": "EARL Landrieaux",
      "Produit": "Pâtes fermières Tagliatelles",
      "Catégorie": ["Épicerie salée"],
      "Type": ["Pâtes"],
      "Spécificité": "Pâtes",
      "Statut": "Référencé",
      "Dispo": "En stock",
      "Prix d'achat unitaire €HT": 2.6,
      "Descriptif Produit": " Nos pâtes sont élaborées sur notre ferme à partir de notre blé dur. Nous les réalisons avec une machine à pâtes  équipée de moules en bronze (comme en Italie) ce qui permet aux pâtes d'être rugueuses et ainsi la sauce tient bien  Elles sont séchées très lentement (environ 20 h) ce qui permet de garder le goût des céréales. ",
      "Image produits sans fond": [
        {
          "id": "attxrZpSJ8Q6CeDpg",
          "width": 433,
          "height": 577,
          "url": "https://dl.airtable.com/.attachments/42c83339364f00a392aa8caa4f643a89/f5308dbe/tagliatelles.png?ts=1654586294&userId=usrF6kLgBaja75CMj&cs=7639727fa55253a9",
          "filename": "tagliatelles.png",
          "size": 161838,
          "type": "image/png",
          "thumbnails": {
            "small": {
              "url": "https://dl.airtable.com/.attachmentThumbnails/b70384ab68dfaa355dc80e713be05450/3e186327?ts=1654586294&userId=usrF6kLgBaja75CMj&cs=94286f5fcf35e144",
              "width": 27,
              "height": 36
            },
            "large": {
              "url": "https://dl.airtable.com/.attachmentThumbnails/7b82a09cb2d1f3a5bdf24d7b07e76016/a4ff7db2?ts=1654586294&userId=usrF6kLgBaja75CMj&cs=08436d31208a7d62",
              "width": 433,
              "height": 577
            },
            "full": {
              "url": "https://dl.airtable.com/.attachmentThumbnails/2bfc83be42db9700dd19f42d03724d31/66c5e3ef?ts=1654586294&userId=usrF6kLgBaja75CMj&cs=e818c7b636478a99",
              "width": 3000,
              "height": 3000
            }
          }
        }
      ],
      "UVC - Conditionnement": "sachet",
      "UVC - Poids/vol": 500,
      "UVC - Unité": "g",
      "Prix d'achat kg/g/L €HT": 5.2,
      "Unité d'achat(X*UV)": 1,
      "Tx TVA": 0.055,
      "Produit Pro": true,
      "Produit Particulier": true,
      "Tarif Particulier TTC": 4.3888,
      "numéro": 416,
      "Code Fournisseur (from Fournisseurs)": "FR03.0015",
      "Département (from Coordonnées Sociétés)": ["ALLIER"],
      "DESIGNATION": "PÂTES FERMIÈRES TAGLIATELLES",
      "Conditionnement": "sachet 500 g",
      "Tarif Pro (HT)": 3.9000000000000004,
      "Tarif Pro (HT) au Kg/L": 7.800000000000001,
      "Unité Vente": 1,
      "Tarif Particulier TTC Arrondi": 4.4,
      "Image produits avec fond": [
        {
          "id": "attxLxlRkPUPIz4Ru",
          "width": 4032,
          "height": 3024,
          "url": "https://dl.airtable.com/.attachments/8851736bb66460ef8d60f8afc059c5ec/2f51f34d/IMG_1630.jpg?ts=1654586294&userId=usrF6kLgBaja75CMj&cs=b06c203869f0b01d",
          "filename": "IMG_1630.jpg",
          "size": 2806295,
          "type": "image/jpeg",
          "thumbnails": {
            "small": {
              "url": "https://dl.airtable.com/.attachmentThumbnails/2873a9297f0e631fac67586fc34a3c2f/6cfac9ea?ts=1654586294&userId=usrF6kLgBaja75CMj&cs=537392e996795d6b",
              "width": 27,
              "height": 36
            },
            "large": {
              "url": "https://dl.airtable.com/.attachmentThumbnails/b1c2f7114220ca83fc558e5af13bbc16/8221f0fc?ts=1654586294&userId=usrF6kLgBaja75CMj&cs=89a95d776e7b6c7d",
              "width": 512,
              "height": 683
            },
            "full": {
              "url": "https://dl.airtable.com/.attachmentThumbnails/85c7d53b7dad8b7518d289c05201ea4b/2284bf14?ts=1654586294&userId=usrF6kLgBaja75CMj&cs=955841875ffb70b6",
              "width": 3000,
              "height": 3000
            }
          }
        }
      ],
      "Nom complet Produit pour formulaire de Mouvement de Stock": "sachet 500 g-PÂTES FERMIÈRES TAGLIATELLES//EARL Landrieaux//FR03.0015.00416",
      "Prix de vente typeform € TTC": 4.9,
      "DESIGNATION TYPEFORM": "Pâtes fermières Tagliatelles - 500g -  // 4.90€",
      "Hypothèse 15% marge px pro": 4.840588235294118,
      "CATEGORIE/TYPE": "Épicerie salée>Pâtes",
      "Condi.": "sachet\n500 g",
      "Disponibilité": "En stock",
      "PRODUCTEUR": "EARL LANDRIEAUX",
      "Spécificités": "Pâtes",
      "Désignation Produit": "PÂTES FERMIÈRES TAGLIATELLES - sachet 500 g",
      "Désignation Produit 1 ligne": "PÂTES FERMIÈRES TAGLIATELLES - sachet 500 g",
      "Unité de vente détaillée": "1 X 500 g",
      "Délais d'appro (jours) (from FOURNISSEUR)": "15",
      "Nom de la Société (from FOURNISSEUR)": "EARL Landrieaux",
      "Descriptif Producteur (from FOURNISSEUR)": "100 % céréales de la ferme écrasée à la meule de pierre pour une farine de qualité et un goût authentique Pâtes séchées très lentement (environ 20 heures) pour conserver les qualités gustatives et nutritionnelles",
      "Photos Producteurs (from FOURNISSEUR)": [
        {
          "id": "attN0mQpwUbUrf5L6",
          "width": 1200,
          "height": 800,
          "url": "https://dl.airtable.com/.attachments/e2576968b198c578aebfafe7935237ab/18e09d4d/la-vie-rurale-a-l-earl-landrieaux-a-louchy-montfand-ble-fari_4799520.jpeg?ts=1654586294&userId=usrF6kLgBaja75CMj&cs=532a4232647b5802",
          "filename": "la-vie-rurale-a-l-earl-landrieaux-a-louchy-montfand-ble-fari_4799520.jpeg",
          "size": 158251,
          "type": "image/jpeg",
          "thumbnails": {
            "small": {
              "url": "https://dl.airtable.com/.attachmentThumbnails/757ec0565b752c1c667d59ce30046de9/3ff4cd86?ts=1654586294&userId=usrF6kLgBaja75CMj&cs=b558d864076a6db6",
              "width": 54,
              "height": 36
            },
            "large": {
              "url": "https://dl.airtable.com/.attachmentThumbnails/94f450b1953d5e610e57a943dab6adcc/3aeda7f5?ts=1654586294&userId=usrF6kLgBaja75CMj&cs=68a9de3ca3a6efd3",
              "width": 768,
              "height": 512
            },
            "full": {
              "url": "https://dl.airtable.com/.attachmentThumbnails/9b69eeb700e46d1de69dbf528ba86da4/b991ebb5?ts=1654586294&userId=usrF6kLgBaja75CMj&cs=00cb62b88907d64e",
              "width": 3000,
              "height": 3000
            }
          }
        }
      ],
      "Label (from FOURNISSEUR)": ["La région du goût"],
      "LABEL LOGO (from FOURNISSEUR)": [
        {
          "id": "att00CpbJDmobHibi",
          "width": 800,
          "height": 800,
          "url": "https://dl.airtable.com/.attachments/29b77a8bbbdea8886f6d92fe8acd2c45/079ba2af/logos_La_region_du_Gout-03.jpg?ts=1654586294&userId=usrF6kLgBaja75CMj&cs=32a95b018ac3f554",
          "filename": "logos_La_region_du_Gout-03.jpg",
          "size": 70362,
          "type": "image/jpeg",
          "thumbnails": {
            "small": {
              "url": "https://dl.airtable.com/.attachmentThumbnails/306061d7cc3ed7de82c1ca15d0df0789/62804379?ts=1654586294&userId=usrF6kLgBaja75CMj&cs=b39cfd205336a91e",
              "width": 36,
              "height": 36
            },
            "large": {
              "url": "https://dl.airtable.com/.attachmentThumbnails/d9105bb7f8fb22fce5080f55fd8ee3a0/327e9284?ts=1654586294&userId=usrF6kLgBaja75CMj&cs=2540ad81aeb58020",
              "width": 512,
              "height": 512
            },
            "full": {
              "url": "https://dl.airtable.com/.attachmentThumbnails/762bbbcf574ed19ffc019a7d533f40f8/66b0d459?ts=1654586294&userId=usrF6kLgBaja75CMj&cs=a02edf4502c61df1",
              "width": 3000,
              "height": 3000
            }
          }
        }
      ],
      "Département (from FOURNISSEUR)": ["ALLIER"],
      "Code Postal (from FOURNISSEUR)": "03500",
      "Ville (from FOURNISSEUR)": " LOUCHY MONTFAND",
      "STOCK DISPO (from Passerelle Stock vers BDD Produits/Producteurs)": "8",
      "Import CSV Shopify": "FR03.0015.00416",
      "Localisation (from FOURNISSEUR)": "03500 -  LOUCHY MONTFAND - ALLIER"
    },
    "name": "Pâtes fermières Tagliatelles",
    "weight": "sachet 500 g",
    "price": "2.60",
    "pricePerKg": "5.20",
    "stock": "En stock",
    "picture": "https://dl.airtable.com/.attachments/42c83339364f00a392aa8caa4f643a89/f5308dbe/tagliatelles.png?ts=1654586294&userId=usrF6kLgBaja75CMj&cs=7639727fa55253a9"
  },
  {
    "id": "recRmtRujxC7orhMX",
    "info": {
      "Code Produit QotQot": "FR73.0001.00210",
      "FOURNISSEUR": "Conserverie des Alpes",
      "Produit": "Confit d'Olives noires",
      "Catégorie": ["Épicerie salée"],
      "Type": ["Tartinables"],
      "Spécificité": "Olives",
      "Statut": "Non retenu",
      "Dispo": "Non Référencé",
      "Prix d'achat unitaire €HT": 3.59,
      "Descriptif Produit": "L'alliance de l'olive noire et des oignons confits.\nComposition : olive noire, oignon, huile d’olive, ail, sel de Guérande",
      "EAN 13": { "text": "3,770,013,202,124" },
      "DDM (mois)": 36,
      "UVC - Conditionnement": "bocal verre",
      "UVC - Poids/vol": 180,
      "UVC - Unité": "g",
      "Prix d'achat kg/g/L €HT": 19.944444444444446,
      "Unité d'achat(X*UV)": 12,
      "Tx TVA": 0.055,
      "Tarif Particulier TTC": 6.059919999999999,
      "numéro": 210,
      "Code Fournisseur (from Fournisseurs)": "FR73.0001",
      "Département (from Coordonnées Sociétés)": ["SAVOIE"],
      "Franco €": "€450",
      "DESIGNATION": "CONFIT D'OLIVES NOIRES",
      "Conditionnement": "bocal verre 180 g",
      "Tarif Pro (HT)": 5.385,
      "Tarif Pro (HT) au Kg/L": 29.916666666666664,
      "Unité Vente": 1,
      "Tarif Particulier TTC Arrondi": 6.1000000000000005,
      "Nom complet Produit pour formulaire de Mouvement de Stock": "bocal verre 180 g-CONFIT D'OLIVES NOIRES//Conserverie des Alpes//FR73.0001.00210",
      "Prix de vente € TTC conseillé": 5.9,
      "Prix de vente typeform € TTC": 6.7,
      "DESIGNATION TYPEFORM": "Confit d'Olives noires - 180g -  // 6.70€",
      "Hypothèse 15% marge px pro": 6.683735294117646,
      "Idée Recette": " Sur une tartine de fromage frais ou au naturel sur la tranche de pain ou pour accompagner une viande grillée ou une viande blanche.\n\n",
      "CATEGORIE/TYPE": "Épicerie salée>Tartinables",
      "Condi.": "bocal verre\n180 g",
      "Disponibilité": "Non Référencé",
      "PRODUCTEUR": "CONSERVERIE DES ALPES",
      "Spécificités": "Olives",
      "Désignation Produit": "CONFIT D'OLIVES NOIRES - bocal verre 180 g",
      "Désignation Produit 1 ligne": "CONFIT D'OLIVES NOIRES - bocal verre 180 g",
      "Unité de vente détaillée": "1 X 180 g",
      "Délais d'appro (jours) (from FOURNISSEUR)": "21",
      "Nom de la Société (from FOURNISSEUR)": "Conserverie des Alpes",
      "Descriptif Producteur (from FOURNISSEUR)": "Nous avons créé la Conserverie des Alpes avec l’ambition de vous apporter plaisirs gustatifs et convivialité. C’est pourquoi, jour après jour, dans notre atelier situé entre Chambery et Grenoble, nous cuisinons nos recettes avec des produits de qualité et dans la tradition . Nous privilégions la vente dans les magasins proches de chez-vous, mais comme nous ne pouvons être « devant l’autoclave et sur les routes « , ce site permet au plus grand nombre de découvrir nos produits. Parce que c’est bon d’être gourmands !",
      "Photos Producteurs (from FOURNISSEUR)": [
        {
          "id": "attjcF2CJtWLGkjEK",
          "width": 512,
          "height": 728,
          "url": "https://dl.airtable.com/.attachments/32b29f93de66665409977112ba217470/e38b3484/Createurs-CDA.jpg?ts=1654586294&userId=usrF6kLgBaja75CMj&cs=ee52e17ce7e2d33b",
          "filename": "Createurs-CDA.jpg",
          "size": 43813,
          "type": "image/jpeg",
          "thumbnails": {
            "small": {
              "url": "https://dl.airtable.com/.attachmentThumbnails/ed10470eb20d1d076185c8c8af8c5f45/78397610?ts=1654586294&userId=usrF6kLgBaja75CMj&cs=db881180be934211",
              "width": 25,
              "height": 36
            },
            "large": {
              "url": "https://dl.airtable.com/.attachmentThumbnails/44c4acd035b550bbf875ea8452bae033/efe31b06?ts=1654586294&userId=usrF6kLgBaja75CMj&cs=108131636cbd9af8",
              "width": 512,
              "height": 728
            },
            "full": {
              "url": "https://dl.airtable.com/.attachmentThumbnails/df1bf8335b9e56bdaed5b79d079fa35c/9ee4a76a?ts=1654586294&userId=usrF6kLgBaja75CMj&cs=1d96d85a461781a0",
              "width": 3000,
              "height": 3000
            }
          }
        }
      ],
      "Label (from FOURNISSEUR)": ["CCF", "La région du goût", "Artisan"],
      "LABEL LOGO (from FOURNISSEUR)": [
        {
          "id": "attcurDrdzv3WKzgX",
          "width": 300,
          "height": 425,
          "url": "https://dl.airtable.com/.attachments/10facc442036878f053ebf722b1343f6/2a15cee3/plaque-paq.png?ts=1654586294&userId=usrF6kLgBaja75CMj&cs=080b49b6a7ea772d",
          "filename": "plaque-paq.png",
          "size": 138645,
          "type": "image/png",
          "thumbnails": {
            "small": {
              "url": "https://dl.airtable.com/.attachmentThumbnails/38371e0c27d08b60b7aca3de929bcf3e/e0b6290c?ts=1654586294&userId=usrF6kLgBaja75CMj&cs=cebbfc385f1e5d77",
              "width": 25,
              "height": 36
            },
            "large": {
              "url": "https://dl.airtable.com/.attachmentThumbnails/b92f3ffee601e21d2439f0ae4fa81bb4/44090614?ts=1654586294&userId=usrF6kLgBaja75CMj&cs=149ca51a9ec96106",
              "width": 300,
              "height": 425
            },
            "full": {
              "url": "https://dl.airtable.com/.attachmentThumbnails/42abe8cd9a52bb00677ca947e8e9a8a5/00a1acb8?ts=1654586294&userId=usrF6kLgBaja75CMj&cs=cdebeaaf190cc367",
              "width": 3000,
              "height": 3000
            }
          }
        },
        {
          "id": "attoI3DHRMHpznywN",
          "width": 800,
          "height": 800,
          "url": "https://dl.airtable.com/.attachments/4a3bae4d1814fec4e2ffde387cfae864/e41f1169/logos_La_region_du_Gout-03.jpg?ts=1654586294&userId=usrF6kLgBaja75CMj&cs=4dc6d95a4ce079da",
          "filename": "logos_La_region_du_Gout-03.jpg",
          "size": 70362,
          "type": "image/jpeg",
          "thumbnails": {
            "small": {
              "url": "https://dl.airtable.com/.attachmentThumbnails/3da61959bea884f02da3cdce1fcad559/688c5670?ts=1654586294&userId=usrF6kLgBaja75CMj&cs=60033a06bfbd7bb3",
              "width": 36,
              "height": 36
            },
            "large": {
              "url": "https://dl.airtable.com/.attachmentThumbnails/751437f5a1d06e5f36486efc1724af78/fe52cc4d?ts=1654586294&userId=usrF6kLgBaja75CMj&cs=c5147a277ddd54c8",
              "width": 512,
              "height": 512
            },
            "full": {
              "url": "https://dl.airtable.com/.attachmentThumbnails/a2bcbbeedac491f72e167235b1dc60ca/750a3d80?ts=1654586294&userId=usrF6kLgBaja75CMj&cs=19671c8c51d3fbc9",
              "width": 3000,
              "height": 3000
            }
          }
        },
        {
          "id": "attSI3KuvyR9WvChA",
          "width": 820,
          "height": 527,
          "url": "https://dl.airtable.com/.attachments/af20cec29a0ddcc368c0355ce52e7e8a/12cde9a3/Artisan_Logo_Image_Handicraft_PNG_1271x817px_Artisan_Area_Art_...?ts=1654586294&userId=usrF6kLgBaja75CMj&cs=9b3483ea535204b5",
          "filename": "Artisan_Logo_Image_Handicraft_PNG_1271x817px_Artisan_Area_Art_...",
          "size": 45959,
          "type": "image/jpeg",
          "thumbnails": {
            "small": {
              "url": "https://dl.airtable.com/.attachmentThumbnails/b7ba114a701b90f3cd85ad2577cd9a01/328d53c9?ts=1654586294&userId=usrF6kLgBaja75CMj&cs=5fc3883162e2d7c0",
              "width": 56,
              "height": 36
            },
            "large": {
              "url": "https://dl.airtable.com/.attachmentThumbnails/13ecb8c937681cd9299eff7240b57ba0/435556c6?ts=1654586294&userId=usrF6kLgBaja75CMj&cs=75dee0e852932cb0",
              "width": 797,
              "height": 512
            },
            "full": {
              "url": "https://dl.airtable.com/.attachmentThumbnails/da825dab455a5dda70c6e43dd599ee46/890ebc41?ts=1654586294&userId=usrF6kLgBaja75CMj&cs=29d3c522557a6ecf",
              "width": 3000,
              "height": 3000
            }
          }
        }
      ],
      "Département (from FOURNISSEUR)": ["SAVOIE"],
      "Code Postal (from FOURNISSEUR)": "73230",
      "Ville (from FOURNISSEUR)": " VEREL PRAGONDRAN",
      "STOCK DISPO (from Passerelle Stock vers BDD Produits/Producteurs)": "0",
      "Localisation (from FOURNISSEUR)": "73230 -  VEREL PRAGONDRAN - SAVOIE"
    },
    "name": "Confit d'Olives noires",
    "weight": "bocal verre 180 g",
    "price": "3.59",
    "pricePerKg": "19.94",
    "stock": "Non Référencé"
  },
  {
    "id": "recSWYkmSWnCcpqfn",
    "info": {
      "Code Produit QotQot": "FR07.0215.01348",
      "FOURNISSEUR": "Les Mignoteries",
      "Produit": "Gressins aux 5 céréales",
      "Catégorie": ["Épicerie salée"],
      "Type": ["Apéritif"],
      "Spécificité": "Biscuiterie",
      "Statut": "Référencé",
      "Dispo": "En rupture",
      "Prix d'achat unitaire €HT": 3,
      "Image produits sans fond": [
        {
          "id": "att46dUPqUkTbYKMf",
          "width": 396,
          "height": 629,
          "url": "https://dl.airtable.com/.attachments/27c97b0e76c48726ab8be935679db28e/072407af/Gressins_5_crales.png?ts=1654586294&userId=usrF6kLgBaja75CMj&cs=482de7bc9a114ad8",
          "filename": "Gressins_5_céréales.png",
          "size": 344608,
          "type": "image/png",
          "thumbnails": {
            "small": {
              "url": "https://dl.airtable.com/.attachmentThumbnails/ec89caf8ddfec9f182afbcfd1ec0440b/d21c038e?ts=1654586294&userId=usrF6kLgBaja75CMj&cs=36323545fbf829ce",
              "width": 23,
              "height": 36
            },
            "large": {
              "url": "https://dl.airtable.com/.attachmentThumbnails/66dd9813fd310bd4e1f0dd88ef9a6f08/f75418cd?ts=1654586294&userId=usrF6kLgBaja75CMj&cs=b39ebe7541fe1843",
              "width": 396,
              "height": 629
            },
            "full": {
              "url": "https://dl.airtable.com/.attachmentThumbnails/6901af917d13fe32522ee9e3b663c697/50605905?ts=1654586294&userId=usrF6kLgBaja75CMj&cs=48d2e1ca91e77bc1",
              "width": 3000,
              "height": 3000
            }
          }
        }
      ],
      "DDM (mois)": 4,
      "UVC - Conditionnement": "sachet",
      "UVC - Poids/vol": 150,
      "UVC - Unité": "g",
      "Prix d'achat kg/g/L €HT": 20,
      "Unité d'achat(X*UV)": 10,
      "Tx TVA": 0.055,
      "Produit Pro": true,
      "Produit Particulier": true,
      "Tarif Particulier TTC": 5.064,
      "numéro": 1348,
      "Code Fournisseur (from Fournisseurs)": "FR07.0215",
      "Département (from Coordonnées Sociétés)": ["ARDECHE"],
      "Franco €": "€150",
      "DESIGNATION": "GRESSINS AUX 5 CÉRÉALES",
      "Conditionnement": "sachet 150 g",
      "Tarif Pro (HT)": 4.5,
      "Tarif Pro (HT) au Kg/L": 30,
      "Unité Vente": 1,
      "Tarif Particulier TTC Arrondi": 5.1000000000000005,
      "Image produits avec fond": [
        {
          "id": "attK7XILl7Rp7904t",
          "width": 2980,
          "height": 2976,
          "url": "https://dl.airtable.com/.attachments/0f2cff8aad54769a4975b41bb68cd8fc/60332716/IMG_20170830_021201.jpg?ts=1654586294&userId=usrF6kLgBaja75CMj&cs=41f9c19527dbea8a",
          "filename": "IMG_20170830_021201.jpg",
          "size": 2242559,
          "type": "image/jpeg",
          "thumbnails": {
            "small": {
              "url": "https://dl.airtable.com/.attachmentThumbnails/e824784d2271a9135954991fd70b0967/f49d24ee?ts=1654586294&userId=usrF6kLgBaja75CMj&cs=b6f26caf28fd00fb",
              "width": 36,
              "height": 36
            },
            "large": {
              "url": "https://dl.airtable.com/.attachmentThumbnails/13a8d0e02b45db2dff1818a076311ff7/8c128309?ts=1654586294&userId=usrF6kLgBaja75CMj&cs=17ca0e8c5830a4be",
              "width": 513,
              "height": 512
            },
            "full": {
              "url": "https://dl.airtable.com/.attachmentThumbnails/96cff661a0378e7509d9d83414788d8a/0bb0cc5b?ts=1654586294&userId=usrF6kLgBaja75CMj&cs=8aec8624df6acbfe",
              "width": 3000,
              "height": 3000
            }
          }
        }
      ],
      "Nom complet Produit pour formulaire de Mouvement de Stock": "sachet 150 g-GRESSINS AUX 5 CÉRÉALES//Les Mignoteries//FR07.0215.01348",
      "Prix de vente typeform € TTC": 4.9,
      "DESIGNATION TYPEFORM": "Gressins aux 5 céréales - 150g -  // 4.90€",
      "Hypothèse 15% marge px pro": 5.5852941176470585,
      "CATEGORIE/TYPE": "Épicerie salée>Apéritif",
      "Condi.": "sachet\n150 g",
      "Disponibilité": "En rupture",
      "PRODUCTEUR": "LES MIGNOTERIES",
      "Spécificités": "Biscuiterie",
      "Commande Fournisseurs": "FR07.0215-11/02/2022",
      "Désignation Produit": "GRESSINS AUX 5 CÉRÉALES - sachet 150 g",
      "Désignation Produit 1 ligne": "GRESSINS AUX 5 CÉRÉALES - sachet 150 g",
      "Unité de vente détaillée": "1 X 150 g",
      "Délais d'appro (jours) (from FOURNISSEUR)": "21",
      "Nom de la Société (from FOURNISSEUR)": "Les Mignoteries",
      "Descriptif Producteur (from FOURNISSEUR)": "Les Mignoteries est une biscuiterie artisanale qui défend une approche gourmande et généreuse où le plus important reste le plaisir. Les éphémères Plaisir de déguster, mais également de découvrir. Pour cette raison, des offres éphèmères viennent compléter notre gamme de biscuits. Nous favorisons des produits locaux et n’ajoutons aucun additif industriel à nos biscuits. Les ingrédients sont hachés, zestés, rapés, torréfiés. Toutes les saveurs de nos biscuits sont entièrement naturelles.",
      "Photos Producteurs (from FOURNISSEUR)": [
        {
          "id": "attqwsE7MML5Lxh90",
          "width": 1000,
          "height": 950,
          "url": "https://dl.airtable.com/.attachments/5780ac06aea48b18aa9d49930166afc6/85cae671/title-1576680650.jpg?ts=1654586294&userId=usrF6kLgBaja75CMj&cs=ae2badaff0b46891",
          "filename": "title-1576680650.jpg",
          "size": 179712,
          "type": "image/jpeg",
          "thumbnails": {
            "small": {
              "url": "https://dl.airtable.com/.attachmentThumbnails/8ed41056b0f9421345c1f669bc2f6ce1/16601805?ts=1654586294&userId=usrF6kLgBaja75CMj&cs=db738a4c7f638534",
              "width": 38,
              "height": 36
            },
            "large": {
              "url": "https://dl.airtable.com/.attachmentThumbnails/2652093b497d905397ea0b0f4f16037e/9d9c8653?ts=1654586294&userId=usrF6kLgBaja75CMj&cs=22a8cec8a0996b88",
              "width": 539,
              "height": 512
            },
            "full": {
              "url": "https://dl.airtable.com/.attachmentThumbnails/d099d6f321d77790aafc329b96186a74/902c3fd4?ts=1654586294&userId=usrF6kLgBaja75CMj&cs=9779a66e09553ebf",
              "width": 3000,
              "height": 3000
            }
          }
        }
      ],
      "Département (from FOURNISSEUR)": ["ARDECHE"],
      "Code Postal (from FOURNISSEUR)": "07100",
      "Ville (from FOURNISSEUR)": " Saint-Marcel-lès-Annonay",
      "STOCK DISPO (from Passerelle Stock vers BDD Produits/Producteurs)": "0",
      "Import CSV Shopify": "FR07.0215.01348",
      "Localisation (from FOURNISSEUR)": "07100 -  SAINT-MARCEL-LÈS-ANNONAY - ARDECHE"
    },
    "name": "Gressins aux 5 céréales",
    "weight": "sachet 150 g",
    "price": "3.00",
    "pricePerKg": "20.00",
    "stock": "En rupture",
    "picture": "https://dl.airtable.com/.attachments/27c97b0e76c48726ab8be935679db28e/072407af/Gressins_5_crales.png?ts=1654586294&userId=usrF6kLgBaja75CMj&cs=482de7bc9a114ad8"
  },
  {
    "id": "recSiCWM9o6nIv7xN",
    "info": {
      "Code Produit QotQot": "FR69.0226.01482",
      "FOURNISSEUR": "CROC",
      "Produit": "Noix de cajou - herbes de provence",
      "Catégorie": ["Épicerie salée"],
      "Type": ["Snack"],
      "Spécificité": "Noix de Cajou",
      "Statut": "Référencé",
      "Dispo": "En stock",
      "Prix d'achat unitaire €HT": 1.2,
      "Image produits sans fond": [
        {
          "id": "attNLvFcwNLhRAvRA",
          "width": 2000,
          "height": 2000,
          "url": "https://dl.airtable.com/.attachments/358e7b02fa84fadaac5d66688792d974/3fd4cdaa/SACHET-CAJOU-HDP.jpg?ts=1654586294&userId=usrF6kLgBaja75CMj&cs=746fc77efb7cd5dd",
          "filename": "SACHET-CAJOU-HDP.jpg",
          "size": 249996,
          "type": "image/jpeg",
          "thumbnails": {
            "small": {
              "url": "https://dl.airtable.com/.attachmentThumbnails/0b3b92ba7480c5f7245d15a435a9a230/9b76e0d4?ts=1654586294&userId=usrF6kLgBaja75CMj&cs=dbe2fa2d3bd806df",
              "width": 36,
              "height": 36
            },
            "large": {
              "url": "https://dl.airtable.com/.attachmentThumbnails/0aefb12648a94f5d0a6ec570585226e3/de85230c?ts=1654586294&userId=usrF6kLgBaja75CMj&cs=dff84dde511ad3e4",
              "width": 512,
              "height": 512
            },
            "full": {
              "url": "https://dl.airtable.com/.attachmentThumbnails/541c08a827661cfdf616f546062aecc0/e48d0602?ts=1654586294&userId=usrF6kLgBaja75CMj&cs=3dbcd50200867a3f",
              "width": 3000,
              "height": 3000
            }
          }
        }
      ],
      "EAN 13": { "text": "376028009 0142" },
      "SIQO": ["BIO/FLOCERT"],
      "DDM (mois)": 8,
      "UVC - Conditionnement": "sachet",
      "UVC - Poids/vol": 35,
      "UVC - Unité": "g",
      "Prix d'achat kg/g/L €HT": 34.285714285714285,
      "Unité d'achat(X*UV)": 16,
      "Tx TVA": 0.055,
      "Produit Pro": true,
      "Produit Particulier": true,
      "Tarif Particulier TTC": 2.0256,
      "numéro": 1482,
      "Code Fournisseur (from Fournisseurs)": "FR69.0226",
      "Département (from Coordonnées Sociétés)": ["RHÔNE"],
      "Franco €": "€150",
      "DESIGNATION": "NOIX DE CAJOU - HERBES DE PROVENCE - BIO/FLOCERT",
      "Conditionnement": "sachet 35 g",
      "Tarif Pro (HT)": 1.7999999999999998,
      "Tarif Pro (HT) au Kg/L": 51.42857142857142,
      "Unité Vente": 1,
      "Tarif Particulier TTC Arrondi": 2.1,
      "LABEL": [
        {
          "id": "attdzLJnjcNd0rRmE",
          "width": 1335,
          "height": 606,
          "url": "https://dl.airtable.com/.attachments/0e9e633af4f109241b1f6cc70f2cb0bc/fe8d7a9e/Capture-2.png?ts=1654586294&userId=usrF6kLgBaja75CMj&cs=aea7a14f8a72c9bc",
          "filename": "Capture-2.png",
          "size": 105113,
          "type": "image/png",
          "thumbnails": {
            "small": {
              "url": "https://dl.airtable.com/.attachmentThumbnails/5e394e47a9ef364059f4dd554b2473c3/1cd419bf?ts=1654586294&userId=usrF6kLgBaja75CMj&cs=2215178bbd0704ff",
              "width": 79,
              "height": 36
            },
            "large": {
              "url": "https://dl.airtable.com/.attachmentThumbnails/e8ae48781a550c1899f42cc102006df4/47cf57c9?ts=1654586294&userId=usrF6kLgBaja75CMj&cs=0f384d2befc8856f",
              "width": 1128,
              "height": 512
            },
            "full": {
              "url": "https://dl.airtable.com/.attachmentThumbnails/4b4f2305169a6254d9ae9f526c9dedef/b11e2141?ts=1654586294&userId=usrF6kLgBaja75CMj&cs=12316e7ecbc90f2c",
              "width": 3000,
              "height": 3000
            }
          }
        },
        {
          "id": "att37YiF0BQTb8C5c",
          "width": 1714,
          "height": 1697,
          "url": "https://dl.airtable.com/.attachments/ea73333006d15d8c3a2ac0a53642ac94/8968f6c5/Trade-PNG-Picture.png?ts=1654586294&userId=usrF6kLgBaja75CMj&cs=c968b54f7e869f61",
          "filename": "Trade-PNG-Picture.png",
          "size": 64815,
          "type": "image/png",
          "thumbnails": {
            "small": {
              "url": "https://dl.airtable.com/.attachmentThumbnails/9d621f114b24d65347786d7a922c8bd0/8a234eae?ts=1654586294&userId=usrF6kLgBaja75CMj&cs=d37c61000d9fa7e8",
              "width": 36,
              "height": 36
            },
            "large": {
              "url": "https://dl.airtable.com/.attachmentThumbnails/5fa7c9106adb75deff72018a2c66beee/3a50293b?ts=1654586294&userId=usrF6kLgBaja75CMj&cs=04da0b729b926688",
              "width": 517,
              "height": 512
            },
            "full": {
              "url": "https://dl.airtable.com/.attachmentThumbnails/3bb4ce840e29b17de6d2e3f5d9c6c597/52fbb92d?ts=1654586294&userId=usrF6kLgBaja75CMj&cs=e47b9c18f9b7d983",
              "width": 3000,
              "height": 3000
            }
          }
        }
      ],
      "Image produits avec fond": [
        {
          "id": "attNLvFcwNLhRAvRA",
          "width": 2000,
          "height": 2000,
          "url": "https://dl.airtable.com/.attachments/358e7b02fa84fadaac5d66688792d974/3fd4cdaa/SACHET-CAJOU-HDP.jpg?ts=1654586294&userId=usrF6kLgBaja75CMj&cs=746fc77efb7cd5dd",
          "filename": "SACHET-CAJOU-HDP.jpg",
          "size": 249996,
          "type": "image/jpeg",
          "thumbnails": {
            "small": {
              "url": "https://dl.airtable.com/.attachmentThumbnails/0b3b92ba7480c5f7245d15a435a9a230/9b76e0d4?ts=1654586294&userId=usrF6kLgBaja75CMj&cs=dbe2fa2d3bd806df",
              "width": 36,
              "height": 36
            },
            "large": {
              "url": "https://dl.airtable.com/.attachmentThumbnails/0aefb12648a94f5d0a6ec570585226e3/de85230c?ts=1654586294&userId=usrF6kLgBaja75CMj&cs=dff84dde511ad3e4",
              "width": 512,
              "height": 512
            },
            "full": {
              "url": "https://dl.airtable.com/.attachmentThumbnails/541c08a827661cfdf616f546062aecc0/e48d0602?ts=1654586294&userId=usrF6kLgBaja75CMj&cs=3dbcd50200867a3f",
              "width": 3000,
              "height": 3000
            }
          }
        }
      ],
      "Nom complet Produit pour formulaire de Mouvement de Stock": "sachet 35 g-NOIX DE CAJOU - HERBES DE PROVENCE - BIO/FLOCERT//CROC//FR69.0226.01482",
      "Prix de vente € TTC conseillé": 2.03,
      "Prix de vente typeform € TTC": 2.1,
      "DESIGNATION TYPEFORM": "Noix de cajou - herbes de provence - 35g - BIO/FLOCERT // 2.10€",
      "Hypothèse 15% marge px pro": 2.2341176470588233,
      "CATEGORIE/TYPE": "Épicerie salée>Snack",
      "Condi.": "sachet\n35 g",
      "Disponibilité": "En stock",
      "PRODUCTEUR": "CROC",
      "Spécificités": "Noix de Cajou",
      "Commande Fournisseurs": "FR69.0226-14/03/2022",
      "Désignation Produit": "NOIX DE CAJOU - HERBES DE PROVENCE - BIO/FLOCERT - sachet 35 g",
      "Désignation Produit 1 ligne": "NOIX DE CAJOU - HERBES DE PROVENCE - BIO/FLOCERT - sachet 35 g",
      "Unité de vente détaillée": "1 X 35 g",
      "Délais d'appro (jours) (from FOURNISSEUR)": "6",
      "Nom de la Société (from FOURNISSEUR)": "CROC",
      "Descriptif Producteur (from FOURNISSEUR)": "Depuis 2017, CROC, torréfie et transforme des fruits secs bio pour vous proposer des recettes salées et sucrées saines et pleines de goût. Notre gamme est 100% bio, principalement équitable et intégralement disponible en format vrac. Très attachés au savoir faire et au goût, nous choisissons les meilleures matières premières et travaillons en direct avec nos fournisseurs pour vous proposer la meilleure qualité sans concession sur le prix.",
      "Photos Producteurs (from FOURNISSEUR)": [
        {
          "id": "att3d1SGKjLXPJmSc",
          "width": 600,
          "height": 600,
          "url": "https://dl.airtable.com/.attachments/533cbbf9c926a4bc315296c3bb8992d8/9e2fd401/virginie-olivier-web-600x600.jpg?ts=1654586294&userId=usrF6kLgBaja75CMj&cs=772e6b03ca1f2acf",
          "filename": "virginie-olivier-web-600x600.jpg",
          "size": 62676,
          "type": "image/jpeg",
          "thumbnails": {
            "small": {
              "url": "https://dl.airtable.com/.attachmentThumbnails/c94639dfe17446a54b40e0756a1fe9cc/5faa26a9?ts=1654586294&userId=usrF6kLgBaja75CMj&cs=824c708b8d1214b5",
              "width": 36,
              "height": 36
            },
            "large": {
              "url": "https://dl.airtable.com/.attachmentThumbnails/31de9a9f5133222bf7b67144c5c3dca8/c07a7c5f?ts=1654586294&userId=usrF6kLgBaja75CMj&cs=60ba5bfd55839111",
              "width": 512,
              "height": 512
            },
            "full": {
              "url": "https://dl.airtable.com/.attachmentThumbnails/25d8f1d84b3233c11dcbd960c5957f8d/b0e5d88b?ts=1654586294&userId=usrF6kLgBaja75CMj&cs=576067acb95995b0",
              "width": 3000,
              "height": 3000
            }
          }
        }
      ],
      "Label (from FOURNISSEUR)": ["AB"],
      "LABEL LOGO (from FOURNISSEUR)": [
        {
          "id": "atthdViQyZ14LUu8l",
          "width": 1335,
          "height": 606,
          "url": "https://dl.airtable.com/.attachments/0d38d4bd251d74a58a370972d36e2d16/bbd1e6dd/Capture-2.png?ts=1654586294&userId=usrF6kLgBaja75CMj&cs=5613e82b554bf6db",
          "filename": "Capture-2.png",
          "size": 105113,
          "type": "image/png",
          "thumbnails": {
            "small": {
              "url": "https://dl.airtable.com/.attachmentThumbnails/d29e6895f30966e9dd650c26d42c694c/528b8acc?ts=1654586294&userId=usrF6kLgBaja75CMj&cs=4a7960b96ffd4eb6",
              "width": 79,
              "height": 36
            },
            "large": {
              "url": "https://dl.airtable.com/.attachmentThumbnails/43bc2d03176c12b59a06a15126d895c5/2d781fa8?ts=1654586294&userId=usrF6kLgBaja75CMj&cs=2d8a117035c3edfd",
              "width": 1128,
              "height": 512
            },
            "full": {
              "url": "https://dl.airtable.com/.attachmentThumbnails/c10f50df2e56d08c78870d0f258cabc7/c7210777?ts=1654586294&userId=usrF6kLgBaja75CMj&cs=bd975310d2340565",
              "width": 3000,
              "height": 3000
            }
          }
        }
      ],
      "Département (from FOURNISSEUR)": ["RHÔNE"],
      "Code Postal (from FOURNISSEUR)": "69007",
      "Ville (from FOURNISSEUR)": "Lyon",
      "STOCK DISPO (from Passerelle Stock vers BDD Produits/Producteurs)": "16",
      "Import CSV Shopify": "FR69.0226.01482",
      "Localisation (from FOURNISSEUR)": "69007 - LYON - RHÔNE"
    },
    "name": "Noix de cajou - herbes de provence",
    "weight": "sachet 35 g",
    "price": "1.20",
    "pricePerKg": "34.29",
    "stock": "En stock",
    "picture": "https://dl.airtable.com/.attachments/358e7b02fa84fadaac5d66688792d974/3fd4cdaa/SACHET-CAJOU-HDP.jpg?ts=1654586294&userId=usrF6kLgBaja75CMj&cs=746fc77efb7cd5dd"
  },
  {
    "id": "recSvvaWlORGA28aL",
    "info": {
      "Code Produit QotQot": "FR15.0018.00494",
      "FOURNISSEUR": "La lentille Blonde de Saint-Flour",
      "Produit": "Lentilles blondes de St-Flour - Toile de jute",
      "Catégorie": ["Épicerie salée"],
      "Type": ["Légumineuses"],
      "Spécificité": "Lentilles",
      "Statut": "Référencé",
      "Dispo": "En stock",
      "Prix d'achat unitaire €HT": 3.02,
      "Descriptif Produit": "La lentille blonde de Saint-Flour est une légumineuse qui ne contient quasiment pas de graisses. Elle est donc légère, 89 kcal/100 g, mais aussi pleine de glucides complexes, qui permettent de rassasier efficacement et d’éviter les petites fringales entre les repas.\n\nAutant dire alors qu’elle est l’alliée de tous ceux qui surveillent leur ligne !!!!",
      "Image produits sans fond": [
        {
          "id": "attTmppFlPTBTDyz1",
          "width": 426,
          "height": 586,
          "url": "https://dl.airtable.com/.attachments/cfcd958c7b057a503a7052cfcd93d2ba/5aaf346e/toile-jute-lentille-blonde-st-flour-removebg-preview.png?ts=1654586294&userId=usrF6kLgBaja75CMj&cs=c6995884ff1d4647",
          "filename": "toile-jute-lentille-blonde-st-flour-removebg-preview.png",
          "size": 411943,
          "type": "image/png",
          "thumbnails": {
            "small": {
              "url": "https://dl.airtable.com/.attachmentThumbnails/4ca450bdb25c84a1e8a145460500b32e/5015c6fd?ts=1654586294&userId=usrF6kLgBaja75CMj&cs=3bfe19d51c9a87a8",
              "width": 26,
              "height": 36
            },
            "large": {
              "url": "https://dl.airtable.com/.attachmentThumbnails/a213fc14add574c924569f3a637d0138/40c1c428?ts=1654586294&userId=usrF6kLgBaja75CMj&cs=140547a616208678",
              "width": 426,
              "height": 586
            },
            "full": {
              "url": "https://dl.airtable.com/.attachmentThumbnails/8c2419d15119f8b88de44a3bcc98690d/1461f6ef?ts=1654586294&userId=usrF6kLgBaja75CMj&cs=8fa369b175ddb325",
              "width": 3000,
              "height": 3000
            }
          }
        }
      ],
      "UVC - Conditionnement": "sachet",
      "UVC - Poids/vol": 500,
      "UVC - Unité": "g",
      "Prix d'achat kg/g/L €HT": 6.04,
      "Unité d'achat(X*UV)": 10,
      "Tx TVA": 0.055,
      "Produit Pro": true,
      "Produit Particulier": true,
      "Tarif Particulier TTC": 5.09776,
      "numéro": 494,
      "Code Fournisseur (from Fournisseurs)": "FR15.0018",
      "Département (from Coordonnées Sociétés)": ["CANTAL"],
      "Franco €": "€0",
      "DESIGNATION": "LENTILLES BLONDES DE ST-FLOUR - TOILE DE JUTE",
      "Conditionnement": "sachet 500 g",
      "Tarif Pro (HT)": 4.53,
      "Tarif Pro (HT) au Kg/L": 9.06,
      "Unité Vente": 1,
      "Tarif Particulier TTC Arrondi": 5.1000000000000005,
      "Image produits avec fond": [
        {
          "id": "attQdgyO8e5fMcDmr",
          "width": 501,
          "height": 689,
          "url": "https://dl.airtable.com/.attachments/f718d759e27a8b174bae5837bb4e6952/6aa92f14/toile-jute-lentille-blonde-st-flour.jpg?ts=1654586294&userId=usrF6kLgBaja75CMj&cs=925d23fe4be5460a",
          "filename": "toile-jute-lentille-blonde-st-flour.jpg",
          "size": 109135,
          "type": "image/jpeg",
          "thumbnails": {
            "small": {
              "url": "https://dl.airtable.com/.attachmentThumbnails/adb9cd6812264624253ae29ddf5a6c56/17a7b8c6?ts=1654586294&userId=usrF6kLgBaja75CMj&cs=8a8a461b6e10ab2f",
              "width": 26,
              "height": 36
            },
            "large": {
              "url": "https://dl.airtable.com/.attachmentThumbnails/9d9e6408facaef0d32cc1e766db822b8/052ed81d?ts=1654586294&userId=usrF6kLgBaja75CMj&cs=af07c1e8e0ddf3e0",
              "width": 501,
              "height": 689
            },
            "full": {
              "url": "https://dl.airtable.com/.attachmentThumbnails/105957b567eb2006566b8ec004e28aaf/68dc7d10?ts=1654586294&userId=usrF6kLgBaja75CMj&cs=d73e8634ec915850",
              "width": 3000,
              "height": 3000
            }
          }
        }
      ],
      "Nom complet Produit pour formulaire de Mouvement de Stock": "sachet 500 g-LENTILLES BLONDES DE ST-FLOUR - TOILE DE JUTE//La lentille Blonde de Saint-Flour//FR15.0018.00494",
      "Prix de vente € TTC conseillé": 5.9,
      "Prix de vente typeform € TTC": 5.9,
      "DESIGNATION TYPEFORM": "Lentilles blondes de St-Flour - Toile de jute - 500g -  // 5.90€",
      "Hypothèse 15% marge px pro": 5.622529411764706,
      "Idée Recette": "Les lentilles sont traditionnellement consommées chaudes (souvent avec de la viande de porc ou de la charcuterie cuite) ou froides (en vinaigrette). On trouve également des gâteaux à base de farine de lentilles.",
      "CATEGORIE/TYPE": "Épicerie salée>Légumineuses",
      "Condi.": "sachet\n500 g",
      "Disponibilité": "En stock",
      "PRODUCTEUR": "LA LENTILLE BLONDE DE SAINT-FLOUR",
      "Spécificités": "Lentilles",
      "Désignation Produit": "LENTILLES BLONDES DE ST-FLOUR - TOILE DE JUTE - sachet 500 g",
      "Désignation Produit 1 ligne": "LENTILLES BLONDES DE ST-FLOUR - TOILE DE JUTE - sachet 500 g",
      "Unité de vente détaillée": "1 X 500 g",
      "Délais d'appro (jours) (from FOURNISSEUR)": "15",
      "Nom de la Société (from FOURNISSEUR)": "La lentille Blonde de Saint-Flour",
      "Descriptif Producteur (from FOURNISSEUR)": "SERGE RAMADIER - Producteur dans le Cantal - Auvergne \"La lentille de Saint-Flour nous apporte, par sa typicité, l’expression réelle du terroir volcanique et montagnard auquel elle appartient\". Une agriculture sociale et solidaire car l’ensemble de notre production est conditionné par l’ESAT de Saint-Flour et ceux depuis 2004",
      "Photos Producteurs (from FOURNISSEUR)": [
        {
          "id": "attgHbrESum7WHiHo",
          "width": 622,
          "height": 301,
          "url": "https://dl.airtable.com/.attachments/94ec70ffda7711f3fd0e5becc92617fe/da4203f8/Serge_Ramadier_producteur_de_lentilles_blondes_a_Saint-Flour_...?ts=1654586294&userId=usrF6kLgBaja75CMj&cs=ea8bbd9443ed6bae",
          "filename": "Serge_Ramadier_producteur_de_lentilles_blondes_a_Saint-Flour_...",
          "size": 29983,
          "type": "image/jpeg",
          "thumbnails": {
            "small": {
              "url": "https://dl.airtable.com/.attachmentThumbnails/c7a681d4f1f679f1a6625f3ed1bbf1be/ceb993cd?ts=1654586294&userId=usrF6kLgBaja75CMj&cs=67da617e6d216220",
              "width": 74,
              "height": 36
            },
            "large": {
              "url": "https://dl.airtable.com/.attachmentThumbnails/f3af92fdb37dde9405b8b5687c53fd4b/041f539f?ts=1654586294&userId=usrF6kLgBaja75CMj&cs=eee66c591515511a",
              "width": 622,
              "height": 301
            },
            "full": {
              "url": "https://dl.airtable.com/.attachmentThumbnails/8e05c1b6ff90d98dd9b0d99da4145ac3/17eaaa37?ts=1654586294&userId=usrF6kLgBaja75CMj&cs=d51e87fffdc72d1f",
              "width": 3000,
              "height": 3000
            }
          }
        }
      ],
      "Label (from FOURNISSEUR)": ["La région du goût"],
      "LABEL LOGO (from FOURNISSEUR)": [
        {
          "id": "att00CpbJDmobHibi",
          "width": 800,
          "height": 800,
          "url": "https://dl.airtable.com/.attachments/29b77a8bbbdea8886f6d92fe8acd2c45/079ba2af/logos_La_region_du_Gout-03.jpg?ts=1654586294&userId=usrF6kLgBaja75CMj&cs=32a95b018ac3f554",
          "filename": "logos_La_region_du_Gout-03.jpg",
          "size": 70362,
          "type": "image/jpeg",
          "thumbnails": {
            "small": {
              "url": "https://dl.airtable.com/.attachmentThumbnails/306061d7cc3ed7de82c1ca15d0df0789/62804379?ts=1654586294&userId=usrF6kLgBaja75CMj&cs=b39cfd205336a91e",
              "width": 36,
              "height": 36
            },
            "large": {
              "url": "https://dl.airtable.com/.attachmentThumbnails/d9105bb7f8fb22fce5080f55fd8ee3a0/327e9284?ts=1654586294&userId=usrF6kLgBaja75CMj&cs=2540ad81aeb58020",
              "width": 512,
              "height": 512
            },
            "full": {
              "url": "https://dl.airtable.com/.attachmentThumbnails/762bbbcf574ed19ffc019a7d533f40f8/66b0d459?ts=1654586294&userId=usrF6kLgBaja75CMj&cs=a02edf4502c61df1",
              "width": 3000,
              "height": 3000
            }
          }
        }
      ],
      "Département (from FOURNISSEUR)": ["CANTAL"],
      "Code Postal (from FOURNISSEUR)": "15100",
      "Ville (from FOURNISSEUR)": "SAINT FLOUR",
      "STOCK DISPO (from Passerelle Stock vers BDD Produits/Producteurs)": "3",
      "Import CSV Shopify": "FR15.0018.00494",
      "Localisation (from FOURNISSEUR)": "15100 - SAINT FLOUR - CANTAL"
    },
    "name": "Lentilles blondes de St-Flour - Toile de jute",
    "weight": "sachet 500 g",
    "price": "3.02",
    "pricePerKg": "6.04",
    "stock": "En stock",
    "picture": "https://dl.airtable.com/.attachments/cfcd958c7b057a503a7052cfcd93d2ba/5aaf346e/toile-jute-lentille-blonde-st-flour-removebg-preview.png?ts=1654586294&userId=usrF6kLgBaja75CMj&cs=c6995884ff1d4647"
  },
  {
    "id": "recT0VrzINQjYCOO4",
    "info": {
      "Code Produit QotQot": "FR63.0222.01403",
      "FOURNISSEUR": "CLAC!",
      "Produit": "Sauce champignon à la crème ",
      "Catégorie": ["Épicerie salée"],
      "Type": ["Sauces"],
      "Spécificité": "Champignons",
      "Statut": "Référencé",
      "Dispo": "En stock",
      "Prix d'achat unitaire €HT": 2.8,
      "Descriptif Produit": "Cette sauce connue de tous, à base de champignons et de crème fraiche, vous fera gagner du temps lors de la préparation de vos repas. Facile d'utilisation, un passage à la casserole pour la réchauffer, et le tour est joué !\n\nIdéale pour sublimer vos plats de pâtes ou de riz ou pour accompagner des émincés de volaille, ou un steak !\n\nToutes nos conserves sont cuisinées avec des ingrédients bio frais et de saison et sont concoctées en Auvergne artisanalement.",
      "Image produits sans fond": [
        {
          "id": "attp6IsStJtCFFjNO",
          "width": 495,
          "height": 504,
          "url": "https://dl.airtable.com/.attachments/3b9915251d99b526debf0c625ee52815/eccdb0b5/sauce-champignon-a-la-creme-removebg-preview.png?ts=1654586294&userId=usrF6kLgBaja75CMj&cs=25406a7c8d3928d4",
          "filename": "sauce-champignon-a-la-creme-removebg-preview.png",
          "size": 175382,
          "type": "image/png",
          "thumbnails": {
            "small": {
              "url": "https://dl.airtable.com/.attachmentThumbnails/b6b8aaa811038ae06a7ec9fc74006232/2b8d1588?ts=1654586294&userId=usrF6kLgBaja75CMj&cs=e4e14cf9ad5bb754",
              "width": 35,
              "height": 36
            },
            "large": {
              "url": "https://dl.airtable.com/.attachmentThumbnails/c0acde71d82c63cda761d89707b5a1ee/ba5a9990?ts=1654586294&userId=usrF6kLgBaja75CMj&cs=04d447bbac09a176",
              "width": 495,
              "height": 504
            },
            "full": {
              "url": "https://dl.airtable.com/.attachmentThumbnails/474e0a4f1649157f06966827cc98ea7d/4dcc7627?ts=1654586294&userId=usrF6kLgBaja75CMj&cs=abb9df0d60d13d5b",
              "width": 3000,
              "height": 3000
            }
          }
        }
      ],
      "EAN 13": { "text": "3760334010034" },
      "SIQO": ["BIO"],
      "DDM (mois)": 24,
      "UVC - Conditionnement": "bocal verre",
      "UVC - Poids/vol": 250,
      "UVC - Unité": "g",
      "Prix d'achat kg/g/L €HT": 11.2,
      "Unité d'achat(X*UV)": 12,
      "Tx TVA": 0.055,
      "Produit Particulier": true,
      "Tarif Particulier TTC": 4.726399999999999,
      "numéro": 1403,
      "Code Fournisseur (from Fournisseurs)": "FR63.0222",
      "Département (from Coordonnées Sociétés)": ["PUY DE DÔME"],
      "Franco €": "€300",
      "DESIGNATION": "SAUCE CHAMPIGNON À LA CRÈME  - BIO",
      "Conditionnement": "bocal verre 250 g",
      "Tarif Pro (HT)": 4.199999999999999,
      "Tarif Pro (HT) au Kg/L": 16.799999999999997,
      "Unité Vente": 1,
      "Tarif Particulier TTC Arrondi": 4.800000000000001,
      "LABEL": [
        {
          "id": "attdzLJnjcNd0rRmE",
          "width": 1335,
          "height": 606,
          "url": "https://dl.airtable.com/.attachments/0e9e633af4f109241b1f6cc70f2cb0bc/fe8d7a9e/Capture-2.png?ts=1654586294&userId=usrF6kLgBaja75CMj&cs=aea7a14f8a72c9bc",
          "filename": "Capture-2.png",
          "size": 105113,
          "type": "image/png",
          "thumbnails": {
            "small": {
              "url": "https://dl.airtable.com/.attachmentThumbnails/5e394e47a9ef364059f4dd554b2473c3/1cd419bf?ts=1654586294&userId=usrF6kLgBaja75CMj&cs=2215178bbd0704ff",
              "width": 79,
              "height": 36
            },
            "large": {
              "url": "https://dl.airtable.com/.attachmentThumbnails/e8ae48781a550c1899f42cc102006df4/47cf57c9?ts=1654586294&userId=usrF6kLgBaja75CMj&cs=0f384d2befc8856f",
              "width": 1128,
              "height": 512
            },
            "full": {
              "url": "https://dl.airtable.com/.attachmentThumbnails/4b4f2305169a6254d9ae9f526c9dedef/b11e2141?ts=1654586294&userId=usrF6kLgBaja75CMj&cs=12316e7ecbc90f2c",
              "width": 3000,
              "height": 3000
            }
          }
        }
      ],
      "Image produits avec fond": [
        {
          "id": "attp6IsStJtCFFjNO",
          "width": 495,
          "height": 504,
          "url": "https://dl.airtable.com/.attachments/3b9915251d99b526debf0c625ee52815/eccdb0b5/sauce-champignon-a-la-creme-removebg-preview.png?ts=1654586294&userId=usrF6kLgBaja75CMj&cs=25406a7c8d3928d4",
          "filename": "sauce-champignon-a-la-creme-removebg-preview.png",
          "size": 175382,
          "type": "image/png",
          "thumbnails": {
            "small": {
              "url": "https://dl.airtable.com/.attachmentThumbnails/b6b8aaa811038ae06a7ec9fc74006232/2b8d1588?ts=1654586294&userId=usrF6kLgBaja75CMj&cs=e4e14cf9ad5bb754",
              "width": 35,
              "height": 36
            },
            "large": {
              "url": "https://dl.airtable.com/.attachmentThumbnails/c0acde71d82c63cda761d89707b5a1ee/ba5a9990?ts=1654586294&userId=usrF6kLgBaja75CMj&cs=04d447bbac09a176",
              "width": 495,
              "height": 504
            },
            "full": {
              "url": "https://dl.airtable.com/.attachmentThumbnails/474e0a4f1649157f06966827cc98ea7d/4dcc7627?ts=1654586294&userId=usrF6kLgBaja75CMj&cs=abb9df0d60d13d5b",
              "width": 3000,
              "height": 3000
            }
          }
        }
      ],
      "Nom complet Produit pour formulaire de Mouvement de Stock": "bocal verre 250 g-SAUCE CHAMPIGNON À LA CRÈME  - BIO//CLAC!//FR63.0222.01403",
      "Prix de vente € TTC conseillé": 4.95,
      "Prix de vente typeform € TTC": 4.9,
      "DESIGNATION TYPEFORM": "Sauce champignon à la crème  - 250g - BIO // 4.90€",
      "Hypothèse 15% marge px pro": 5.212941176470587,
      "CATEGORIE/TYPE": "Épicerie salée>Sauces",
      "Condi.": "bocal verre\n250 g",
      "Disponibilité": "En stock",
      "PRODUCTEUR": "CLAC!",
      "Spécificités": "Champignons",
      "Commande Fournisseurs": "FR63.0222-08/03/2022",
      "Désignation Produit": "SAUCE CHAMPIGNON À LA CRÈME  - BIO - bocal verre 250 g",
      "Désignation Produit 1 ligne": "SAUCE CHAMPIGNON À LA CRÈME  - BIO - bocal verre 250 g",
      "Unité de vente détaillée": "1 X 250 g",
      "Délais d'appro (jours) (from FOURNISSEUR)": "6",
      "Nom de la Société (from FOURNISSEUR)": "CLAC!",
      "Descriptif Producteur (from FOURNISSEUR)": "Fondée en juillet 2017, CLAC, la Conserverie Locale Artisanale & Créative, imagine et fabrique des tartinables apéritifs à partir d'ingrédients bio & locaux. Nous travaillons avec une quinzaine de producteurs d'Auvergne pour vous offrir des goûts originaux 100% naturels. CLAC, c'est également des légumes cuisinés, des sauces et des soupes fabriqués avec coeur et passion dans notre atelier de Cournon d'Auvergne",
      "Photos Producteurs (from FOURNISSEUR)": [
        {
          "id": "att57lDlQ1Uf8uR6d",
          "width": 480,
          "height": 370,
          "url": "https://dl.airtable.com/.attachments/65f6e5b664a80fc264a63f947393d989/5572920a/julien_Anglade_518eecd7-fccb-433a-b4a1-37db1dbbe0a5_large.PNG?ts=1654586294&userId=usrF6kLgBaja75CMj&cs=c362bb2e91847096",
          "filename": "julien_Anglade_518eecd7-fccb-433a-b4a1-37db1dbbe0a5_large.PNG",
          "size": 277189,
          "type": "image/png",
          "thumbnails": {
            "small": {
              "url": "https://dl.airtable.com/.attachmentThumbnails/8622bbda081521db50632334635c4541/a78bc5c1?ts=1654586294&userId=usrF6kLgBaja75CMj&cs=723722741647c0d6",
              "width": 47,
              "height": 36
            },
            "large": {
              "url": "https://dl.airtable.com/.attachmentThumbnails/971526aafba7c228407ab0ec1523c864/0559e2c0?ts=1654586294&userId=usrF6kLgBaja75CMj&cs=3b686b1c31661aa7",
              "width": 480,
              "height": 370
            },
            "full": {
              "url": "https://dl.airtable.com/.attachmentThumbnails/98ab59b9f44b1fcd993d894af39996b5/bbccdbb1?ts=1654586294&userId=usrF6kLgBaja75CMj&cs=a9909762992aff14",
              "width": 3000,
              "height": 3000
            }
          }
        }
      ],
      "Label (from FOURNISSEUR)": ["AB"],
      "LABEL LOGO (from FOURNISSEUR)": [
        {
          "id": "atthdViQyZ14LUu8l",
          "width": 1335,
          "height": 606,
          "url": "https://dl.airtable.com/.attachments/0d38d4bd251d74a58a370972d36e2d16/bbd1e6dd/Capture-2.png?ts=1654586294&userId=usrF6kLgBaja75CMj&cs=5613e82b554bf6db",
          "filename": "Capture-2.png",
          "size": 105113,
          "type": "image/png",
          "thumbnails": {
            "small": {
              "url": "https://dl.airtable.com/.attachmentThumbnails/d29e6895f30966e9dd650c26d42c694c/528b8acc?ts=1654586294&userId=usrF6kLgBaja75CMj&cs=4a7960b96ffd4eb6",
              "width": 79,
              "height": 36
            },
            "large": {
              "url": "https://dl.airtable.com/.attachmentThumbnails/43bc2d03176c12b59a06a15126d895c5/2d781fa8?ts=1654586294&userId=usrF6kLgBaja75CMj&cs=2d8a117035c3edfd",
              "width": 1128,
              "height": 512
            },
            "full": {
              "url": "https://dl.airtable.com/.attachmentThumbnails/c10f50df2e56d08c78870d0f258cabc7/c7210777?ts=1654586294&userId=usrF6kLgBaja75CMj&cs=bd975310d2340565",
              "width": 3000,
              "height": 3000
            }
          }
        }
      ],
      "Département (from FOURNISSEUR)": ["PUY DE DÔME"],
      "Code Postal (from FOURNISSEUR)": "63800",
      "Ville (from FOURNISSEUR)": "COURNON D'AUVERGNE",
      "STOCK DISPO (from Passerelle Stock vers BDD Produits/Producteurs)": "12",
      "Import CSV Shopify": "FR63.0222.01403",
      "Localisation (from FOURNISSEUR)": "63800 - COURNON D'AUVERGNE - PUY DE DÔME"
    },
    "name": "Sauce champignon à la crème ",
    "weight": "bocal verre 250 g",
    "price": "2.80",
    "pricePerKg": "11.20",
    "stock": "En stock",
    "picture": "https://dl.airtable.com/.attachments/3b9915251d99b526debf0c625ee52815/eccdb0b5/sauce-champignon-a-la-creme-removebg-preview.png?ts=1654586294&userId=usrF6kLgBaja75CMj&cs=25406a7c8d3928d4"
  },
  {
    "id": "recT8k8CZjHu9LOhn",
    "info": {
      "Code Produit QotQot": "FR63.0222.01394",
      "FOURNISSEUR": "CLAC!",
      "Produit": "Houmous de pois chiches à la grecque",
      "Catégorie": ["Épicerie salée"],
      "Type": ["Tartinables"],
      "Spécificité": "100% Végétaux",
      "Statut": "Référencé",
      "Dispo": "En stock",
      "Prix d'achat unitaire €HT": 2.35,
      "Descriptif Produit": "Ce houmous voluptueux est composé de pois chiches auvergnats accompagnés d'huile de sésame : le tout est relevé avec de l'ail afin d'apporter une touche ensoleillée à vos apéros.\n\nPriorité au circuit-court grâce au partenariat avec une douzaine de producteurs locaux auvergnats. De fortes valeurs pour un apéro réussi !",
      "Image produits sans fond": [
        {
          "id": "atttdGbGSre0myyXw",
          "width": 495,
          "height": 504,
          "url": "https://dl.airtable.com/.attachments/0cb2ff7305c1eda9e963348abe8eadcc/222be325/houmous-de-pois-chiches-a-la-grecque-removebg-preview.png?ts=1654586294&userId=usrF6kLgBaja75CMj&cs=9642295ebb18c4d6",
          "filename": "houmous-de-pois-chiches-a-la-grecque-removebg-preview.png",
          "size": 273299,
          "type": "image/png",
          "thumbnails": {
            "small": {
              "url": "https://dl.airtable.com/.attachmentThumbnails/9d22dde79fb970952a6f62506c0c46c3/b5fa55d1?ts=1654586294&userId=usrF6kLgBaja75CMj&cs=1bce81b14ffd3b3f",
              "width": 35,
              "height": 36
            },
            "large": {
              "url": "https://dl.airtable.com/.attachmentThumbnails/573d84011b78b7b076d9ac308eae2da7/4025e773?ts=1654586294&userId=usrF6kLgBaja75CMj&cs=7951e3934aea82d9",
              "width": 495,
              "height": 504
            },
            "full": {
              "url": "https://dl.airtable.com/.attachmentThumbnails/0ee9899a0f0ad5c262ed7a5ed749b096/e307881e?ts=1654586294&userId=usrF6kLgBaja75CMj&cs=c5f0c5df7f76f135",
              "width": 3000,
              "height": 3000
            }
          }
        }
      ],
      "EAN 13": { "text": "3770009413770" },
      "SIQO": ["BIO"],
      "DDM (mois)": 24,
      "UVC - Conditionnement": "bocal verre",
      "UVC - Poids/vol": 100,
      "UVC - Unité": "g",
      "Prix d'achat kg/g/L €HT": 23.5,
      "Unité d'achat(X*UV)": 12,
      "Tx TVA": 0.055,
      "Produit Particulier": true,
      "Tarif Particulier TTC": 3.9668,
      "numéro": 1394,
      "Code Fournisseur (from Fournisseurs)": "FR63.0222",
      "Département (from Coordonnées Sociétés)": ["PUY DE DÔME"],
      "Franco €": "€300",
      "DESIGNATION": "HOUMOUS DE POIS CHICHES À LA GRECQUE - BIO",
      "Conditionnement": "bocal verre 100 g",
      "Tarif Pro (HT)": 3.5250000000000004,
      "Tarif Pro (HT) au Kg/L": 35.25,
      "Unité Vente": 1,
      "Tarif Particulier TTC Arrondi": 4,
      "LABEL": [
        {
          "id": "attdzLJnjcNd0rRmE",
          "width": 1335,
          "height": 606,
          "url": "https://dl.airtable.com/.attachments/0e9e633af4f109241b1f6cc70f2cb0bc/fe8d7a9e/Capture-2.png?ts=1654586294&userId=usrF6kLgBaja75CMj&cs=aea7a14f8a72c9bc",
          "filename": "Capture-2.png",
          "size": 105113,
          "type": "image/png",
          "thumbnails": {
            "small": {
              "url": "https://dl.airtable.com/.attachmentThumbnails/5e394e47a9ef364059f4dd554b2473c3/1cd419bf?ts=1654586294&userId=usrF6kLgBaja75CMj&cs=2215178bbd0704ff",
              "width": 79,
              "height": 36
            },
            "large": {
              "url": "https://dl.airtable.com/.attachmentThumbnails/e8ae48781a550c1899f42cc102006df4/47cf57c9?ts=1654586294&userId=usrF6kLgBaja75CMj&cs=0f384d2befc8856f",
              "width": 1128,
              "height": 512
            },
            "full": {
              "url": "https://dl.airtable.com/.attachmentThumbnails/4b4f2305169a6254d9ae9f526c9dedef/b11e2141?ts=1654586294&userId=usrF6kLgBaja75CMj&cs=12316e7ecbc90f2c",
              "width": 3000,
              "height": 3000
            }
          }
        }
      ],
      "Image produits avec fond": [
        {
          "id": "atttdGbGSre0myyXw",
          "width": 495,
          "height": 504,
          "url": "https://dl.airtable.com/.attachments/0cb2ff7305c1eda9e963348abe8eadcc/222be325/houmous-de-pois-chiches-a-la-grecque-removebg-preview.png?ts=1654586294&userId=usrF6kLgBaja75CMj&cs=9642295ebb18c4d6",
          "filename": "houmous-de-pois-chiches-a-la-grecque-removebg-preview.png",
          "size": 273299,
          "type": "image/png",
          "thumbnails": {
            "small": {
              "url": "https://dl.airtable.com/.attachmentThumbnails/9d22dde79fb970952a6f62506c0c46c3/b5fa55d1?ts=1654586294&userId=usrF6kLgBaja75CMj&cs=1bce81b14ffd3b3f",
              "width": 35,
              "height": 36
            },
            "large": {
              "url": "https://dl.airtable.com/.attachmentThumbnails/573d84011b78b7b076d9ac308eae2da7/4025e773?ts=1654586294&userId=usrF6kLgBaja75CMj&cs=7951e3934aea82d9",
              "width": 495,
              "height": 504
            },
            "full": {
              "url": "https://dl.airtable.com/.attachmentThumbnails/0ee9899a0f0ad5c262ed7a5ed749b096/e307881e?ts=1654586294&userId=usrF6kLgBaja75CMj&cs=c5f0c5df7f76f135",
              "width": 3000,
              "height": 3000
            }
          }
        }
      ],
      "Nom complet Produit pour formulaire de Mouvement de Stock": "bocal verre 100 g-HOUMOUS DE POIS CHICHES À LA GRECQUE - BIO//CLAC!//FR63.0222.01394",
      "Prix de vente € TTC conseillé": 4.2,
      "Prix de vente typeform € TTC": 4.6,
      "DESIGNATION TYPEFORM": "Houmous de pois chiches à la grecque - 100g - BIO // 4.60€",
      "Hypothèse 15% marge px pro": 4.375147058823529,
      "CATEGORIE/TYPE": "Épicerie salée>Tartinables",
      "Condi.": "bocal verre\n100 g",
      "Disponibilité": "En stock",
      "PRODUCTEUR": "CLAC!",
      "Spécificités": "100% Végétaux",
      "Commande Fournisseurs": "FR63.0222-08/03/2022",
      "Désignation Produit": "HOUMOUS DE POIS CHICHES À LA GRECQUE - BIO - bocal verre 100 g",
      "Désignation Produit 1 ligne": "HOUMOUS DE POIS CHICHES À LA GRECQUE - BIO - bocal verre 100 g",
      "Unité de vente détaillée": "1 X 100 g",
      "Délais d'appro (jours) (from FOURNISSEUR)": "6",
      "Nom de la Société (from FOURNISSEUR)": "CLAC!",
      "Descriptif Producteur (from FOURNISSEUR)": "Fondée en juillet 2017, CLAC, la Conserverie Locale Artisanale & Créative, imagine et fabrique des tartinables apéritifs à partir d'ingrédients bio & locaux. Nous travaillons avec une quinzaine de producteurs d'Auvergne pour vous offrir des goûts originaux 100% naturels. CLAC, c'est également des légumes cuisinés, des sauces et des soupes fabriqués avec coeur et passion dans notre atelier de Cournon d'Auvergne",
      "Photos Producteurs (from FOURNISSEUR)": [
        {
          "id": "att57lDlQ1Uf8uR6d",
          "width": 480,
          "height": 370,
          "url": "https://dl.airtable.com/.attachments/65f6e5b664a80fc264a63f947393d989/5572920a/julien_Anglade_518eecd7-fccb-433a-b4a1-37db1dbbe0a5_large.PNG?ts=1654586294&userId=usrF6kLgBaja75CMj&cs=c362bb2e91847096",
          "filename": "julien_Anglade_518eecd7-fccb-433a-b4a1-37db1dbbe0a5_large.PNG",
          "size": 277189,
          "type": "image/png",
          "thumbnails": {
            "small": {
              "url": "https://dl.airtable.com/.attachmentThumbnails/8622bbda081521db50632334635c4541/a78bc5c1?ts=1654586294&userId=usrF6kLgBaja75CMj&cs=723722741647c0d6",
              "width": 47,
              "height": 36
            },
            "large": {
              "url": "https://dl.airtable.com/.attachmentThumbnails/971526aafba7c228407ab0ec1523c864/0559e2c0?ts=1654586294&userId=usrF6kLgBaja75CMj&cs=3b686b1c31661aa7",
              "width": 480,
              "height": 370
            },
            "full": {
              "url": "https://dl.airtable.com/.attachmentThumbnails/98ab59b9f44b1fcd993d894af39996b5/bbccdbb1?ts=1654586294&userId=usrF6kLgBaja75CMj&cs=a9909762992aff14",
              "width": 3000,
              "height": 3000
            }
          }
        }
      ],
      "Label (from FOURNISSEUR)": ["AB"],
      "LABEL LOGO (from FOURNISSEUR)": [
        {
          "id": "atthdViQyZ14LUu8l",
          "width": 1335,
          "height": 606,
          "url": "https://dl.airtable.com/.attachments/0d38d4bd251d74a58a370972d36e2d16/bbd1e6dd/Capture-2.png?ts=1654586294&userId=usrF6kLgBaja75CMj&cs=5613e82b554bf6db",
          "filename": "Capture-2.png",
          "size": 105113,
          "type": "image/png",
          "thumbnails": {
            "small": {
              "url": "https://dl.airtable.com/.attachmentThumbnails/d29e6895f30966e9dd650c26d42c694c/528b8acc?ts=1654586294&userId=usrF6kLgBaja75CMj&cs=4a7960b96ffd4eb6",
              "width": 79,
              "height": 36
            },
            "large": {
              "url": "https://dl.airtable.com/.attachmentThumbnails/43bc2d03176c12b59a06a15126d895c5/2d781fa8?ts=1654586294&userId=usrF6kLgBaja75CMj&cs=2d8a117035c3edfd",
              "width": 1128,
              "height": 512
            },
            "full": {
              "url": "https://dl.airtable.com/.attachmentThumbnails/c10f50df2e56d08c78870d0f258cabc7/c7210777?ts=1654586294&userId=usrF6kLgBaja75CMj&cs=bd975310d2340565",
              "width": 3000,
              "height": 3000
            }
          }
        }
      ],
      "Département (from FOURNISSEUR)": ["PUY DE DÔME"],
      "Code Postal (from FOURNISSEUR)": "63800",
      "Ville (from FOURNISSEUR)": "COURNON D'AUVERGNE",
      "STOCK DISPO (from Passerelle Stock vers BDD Produits/Producteurs)": "3",
      "Import CSV Shopify": "FR63.0222.01394",
      "Localisation (from FOURNISSEUR)": "63800 - COURNON D'AUVERGNE - PUY DE DÔME"
    },
    "name": "Houmous de pois chiches à la grecque",
    "weight": "bocal verre 100 g",
    "price": "2.35",
    "pricePerKg": "23.50",
    "stock": "En stock",
    "picture": "https://dl.airtable.com/.attachments/0cb2ff7305c1eda9e963348abe8eadcc/222be325/houmous-de-pois-chiches-a-la-grecque-removebg-preview.png?ts=1654586294&userId=usrF6kLgBaja75CMj&cs=9642295ebb18c4d6"
  },
  {
    "id": "recTSK0N7VqpxDffu",
    "info": {
      "Code Produit QotQot": "FR69.0011.00995",
      "FOURNISSEUR": "Venandi",
      "Produit": "Terrine de Sanglier Noisettes",
      "Catégorie": ["Charcuteries et salaisons"],
      "Type": ["Terrines"],
      "Spécificité": "Sanglier",
      "Statut": "Référencé",
      "Dispo": "Nous consulter",
      "Prix d'achat unitaire €HT": 3.1,
      "Descriptif Produit": "Cette terrine est composée de 50% de viande de sanglier sauvage français. Bien qu’étant la viande de gibier la plus grasse, elle reste 5 fois moins grasse qu’une viande de porc classique avec un goût nettement comparable. Succombez aussi au croquant fruité de la noisette! Ce fruit gourmand possède en prime d’excellentes qualités nutritionnelles et vient ainsi parfaire cette terrine.",
      "Image produits sans fond": [
        {
          "id": "attEelEnHILWJCMgb",
          "width": 666,
          "height": 375,
          "url": "https://dl.airtable.com/.attachments/8eed0dd2ed1a2054f1905484b1cfb0cf/d67bdd97/sangliernoisette2-scaled-removebg-preview.png?ts=1654586294&userId=usrF6kLgBaja75CMj&cs=9f093951d583fe90",
          "filename": "sangliernoisette2-scaled-removebg-preview.png",
          "size": 61800,
          "type": "image/png",
          "thumbnails": {
            "small": {
              "url": "https://dl.airtable.com/.attachmentThumbnails/1361df43fba6f394d935b9393606265d/3b4c98e4?ts=1654586294&userId=usrF6kLgBaja75CMj&cs=91702fb8a487f53d",
              "width": 64,
              "height": 36
            },
            "large": {
              "url": "https://dl.airtable.com/.attachmentThumbnails/de9567b9f3d8bcbc05ff036bc845e4d2/88f1af2f?ts=1654586294&userId=usrF6kLgBaja75CMj&cs=41345a838a8d6094",
              "width": 666,
              "height": 375
            },
            "full": {
              "url": "https://dl.airtable.com/.attachmentThumbnails/32bc067935a76ef08a3966157cee9c89/08ad2fb9?ts=1654586294&userId=usrF6kLgBaja75CMj&cs=e1d313459503b868",
              "width": 3000,
              "height": 3000
            }
          }
        }
      ],
      "UVC - Conditionnement": "bocal verre",
      "UVC - Poids/vol": 100,
      "UVC - Unité": "g",
      "Prix d'achat kg/g/L €HT": 31,
      "Unité d'achat(X*UV)": 12,
      "Tx TVA": 0.055,
      "Produit Pro": true,
      "Produit Particulier": true,
      "Tarif Particulier TTC": 5.232800000000001,
      "numéro": 995,
      "Code Fournisseur (from Fournisseurs)": "FR69.0011",
      "Département (from Coordonnées Sociétés)": ["RHÔNE"],
      "DESIGNATION": "TERRINE DE SANGLIER NOISETTES",
      "Conditionnement": "bocal verre 100 g",
      "Tarif Pro (HT)": 4.65,
      "Tarif Pro (HT) au Kg/L": 46.50000000000001,
      "Unité Vente": 1,
      "Tarif Particulier TTC Arrondi": 5.300000000000001,
      "Image produits avec fond": [
        {
          "id": "att6oprl0Igac4Hf0",
          "width": 2560,
          "height": 1440,
          "url": "https://dl.airtable.com/.attachments/232515034e731dc37f9b07a83ac07bd5/dea6bc79/sangliernoisette2-scaled.jpg?ts=1654586294&userId=usrF6kLgBaja75CMj&cs=f9b0f5e4ca6a537e",
          "filename": "sangliernoisette2-scaled.jpg",
          "size": 112700,
          "type": "image/jpeg",
          "thumbnails": {
            "small": {
              "url": "https://dl.airtable.com/.attachmentThumbnails/7c10bda3b5160041544aaef53ae1e6cf/283bdbea?ts=1654586294&userId=usrF6kLgBaja75CMj&cs=4fef999b9d86ee9f",
              "width": 64,
              "height": 36
            },
            "large": {
              "url": "https://dl.airtable.com/.attachmentThumbnails/f80f2da46458245b8bc3c1e6a6d03ed5/5ca89709?ts=1654586294&userId=usrF6kLgBaja75CMj&cs=f0a919dd1eee3f06",
              "width": 910,
              "height": 512
            },
            "full": {
              "url": "https://dl.airtable.com/.attachmentThumbnails/10644d1bc48a69527d6e8ad54f73f394/6434b7e7?ts=1654586294&userId=usrF6kLgBaja75CMj&cs=77dc24e0a1fd1844",
              "width": 3000,
              "height": 3000
            }
          }
        }
      ],
      "Nom complet Produit pour formulaire de Mouvement de Stock": "bocal verre 100 g-TERRINE DE SANGLIER NOISETTES//Venandi//FR69.0011.00995",
      "Prix de vente typeform € TTC": 5.9,
      "DESIGNATION TYPEFORM": "Terrine de Sanglier Noisettes - 100g -  // 5.90€",
      "Hypothèse 15% marge px pro": 5.771470588235295,
      "CATEGORIE/TYPE": "Charcuteries et salaisons>Terrines",
      "Condi.": "bocal verre\n100 g",
      "Disponibilité": "Nous consulter",
      "PRODUCTEUR": "VENANDI",
      "Spécificités": "Sanglier",
      "Désignation Produit": "TERRINE DE SANGLIER NOISETTES - bocal verre 100 g",
      "Désignation Produit 1 ligne": "TERRINE DE SANGLIER NOISETTES - bocal verre 100 g",
      "Unité de vente détaillée": "1 X 100 g",
      "Délais d'appro (jours) (from FOURNISSEUR)": "10",
      "Nom de la Société (from FOURNISSEUR)": "Venandi",
      "Descriptif Producteur (from FOURNISSEUR)": "Mathieu & François : des amoureux de la nature et du goût Notre aventure, c’est d’abord celle de deux amis (Mathieu et François) qui ont eu l’envie de créer une aventure responsable, humaine et très gourmande autour de la viande sauvage. L’idée est de concocter des produits à base de viande de gibier pour le mettre sur le devant de la scène culinaire française (rien que ça) ! Après l’école, François rejoint Tilkee, une start-up de l’écosystème lyonnais qui cherche à développer l’efficacité des commerciaux grâce à un logiciel de tracking. Cette expérience lui permettra de faire ses premières armes sur ce marché en construction et apprend ainsi les aléas des petites entreprises. Sa devise : La qualité et la satisfaction des clients avant tout ! Mathieu de son côté, pas très copain avec les études, décide de se lancer dans le monde du bâtiment en créant son entreprise d’artisan peintre. Son activité lui apprend la débrouille et la gestion du terrain. Sa devise : Il n’y a pas de problème, que des solutions! C’est leur passion commune pour la nature et la pratique de la chasse durable qui les réunit et qui fait émerger cette idée : pouvoir faire partager ces produits artisanaux confectionnés à partir de viandes exceptionnelles au plus grand nombre (y a pas de raison que seuls les gens des campagnes puissent en profiter!). La raison d’être de VENANDI vise à faire connaître au grand public les gibiers français. Alors ne vous inquiétez pas, on va tout vous expliquer : chasse durable, gibiers, avantages nutritifs.. mais surtout comment étonner et éduquer les papilles ! Nous avons à cœur d’être dans une démarche proche de nos valeurs : authenticité, transparence, et qualité ! L’aventure est donc lancée et vous pouvez d’ores et déjà goûter les premiers produits Venandi à base de gibier 100% sauvage et français !",
      "Photos Producteurs (from FOURNISSEUR)": [
        {
          "id": "attKjBhbI7QXU6CXA",
          "width": 125,
          "height": 125,
          "url": "https://dl.airtable.com/.attachments/95661b253ccd6bac798fb5c47efc5e25/c1a4dcf5/shop_logo2808.png?ts=1654586294&userId=usrF6kLgBaja75CMj&cs=2990d2189a8e1d5c",
          "filename": "shop_logo2808.png",
          "size": 28115,
          "type": "image/png",
          "thumbnails": {
            "small": {
              "url": "https://dl.airtable.com/.attachmentThumbnails/972229f83d4ee3aadbd350eba96e9861/de367ea8?ts=1654586294&userId=usrF6kLgBaja75CMj&cs=73b0f739a5795de3",
              "width": 36,
              "height": 36
            },
            "large": {
              "url": "https://dl.airtable.com/.attachmentThumbnails/30661ced6403982643fef9e708837bf2/d915bca8?ts=1654586294&userId=usrF6kLgBaja75CMj&cs=3f48b157e0743a7d",
              "width": 125,
              "height": 125
            },
            "full": {
              "url": "https://dl.airtable.com/.attachmentThumbnails/0ca3fbe925e7b17028a45b4f9b9e45f5/9e9a273c?ts=1654586294&userId=usrF6kLgBaja75CMj&cs=e7fdda9ab074df35",
              "width": 3000,
              "height": 3000
            }
          }
        },
        {
          "id": "attqzvVjIfc1l2glC",
          "width": 920,
          "height": 1015,
          "url": "https://dl.airtable.com/.attachments/be07aea559ed00f0243ef6a806745b60/c89eff61/IMG_8178-920x1015.jpg?ts=1654586294&userId=usrF6kLgBaja75CMj&cs=3f4854807477cca2",
          "filename": "IMG_8178-920x1015.jpg",
          "size": 229833,
          "type": "image/jpeg",
          "thumbnails": {
            "small": {
              "url": "https://dl.airtable.com/.attachmentThumbnails/5bea6ec618bb0373241a5b451faa2560/146701b3?ts=1654586294&userId=usrF6kLgBaja75CMj&cs=5b7520546d79418f",
              "width": 33,
              "height": 36
            },
            "large": {
              "url": "https://dl.airtable.com/.attachmentThumbnails/c8b88a367c75bd440a35df278f599d31/3a2c46c7?ts=1654586294&userId=usrF6kLgBaja75CMj&cs=63f2a4847c5000bd",
              "width": 512,
              "height": 565
            },
            "full": {
              "url": "https://dl.airtable.com/.attachmentThumbnails/6cb397e18cf4da69323c92245809aa0a/49ccc106?ts=1654586294&userId=usrF6kLgBaja75CMj&cs=ef1b00da4d493a42",
              "width": 3000,
              "height": 3000
            }
          }
        }
      ],
      "Département (from FOURNISSEUR)": ["RHÔNE"],
      "Code Postal (from FOURNISSEUR)": "69002",
      "Ville (from FOURNISSEUR)": "LYON",
      "STOCK DISPO (from Passerelle Stock vers BDD Produits/Producteurs)": "0",
      "Import CSV Shopify": "FR69.0011.00995",
      "Localisation (from FOURNISSEUR)": "69002 - LYON - RHÔNE"
    },
    "name": "Terrine de Sanglier Noisettes",
    "weight": "bocal verre 100 g",
    "price": "3.10",
    "pricePerKg": "31.00",
    "stock": "Nous consulter",
    "picture": "https://dl.airtable.com/.attachments/8eed0dd2ed1a2054f1905484b1cfb0cf/d67bdd97/sangliernoisette2-scaled-removebg-preview.png?ts=1654586294&userId=usrF6kLgBaja75CMj&cs=9f093951d583fe90"
  },
  {
    "id": "recTbr2ll0mtjRdK2",
    "info": {
      "Code Produit QotQot": "FR69.0226.01511",
      "FOURNISSEUR": "CROC",
      "Produit": "Amandes - grillées salées",
      "Catégorie": ["Épicerie salée"],
      "Type": ["Snack"],
      "Spécificité": "Amandes",
      "Statut": "Référencé",
      "Dispo": "En stock",
      "Prix d'achat unitaire €HT": 3,
      "Image produits sans fond": [
        {
          "id": "att6bC1tIzYhpXSxe",
          "width": 575,
          "height": 575,
          "url": "https://dl.airtable.com/.attachments/b59a2cfe9c14c2881d20882feae9b7cd/94b0477b/1572885-47d62fca7f5f4b.jpg?ts=1654586294&userId=usrF6kLgBaja75CMj&cs=314f4a4c48653cb2",
          "filename": "1572885-47d62fca7f5f4b.jpg",
          "size": 21257,
          "type": "image/jpeg",
          "thumbnails": {
            "small": {
              "url": "https://dl.airtable.com/.attachmentThumbnails/b0bc3f7a70c90362aade9b0e81717e32/88e75187?ts=1654586294&userId=usrF6kLgBaja75CMj&cs=e889ef26555d9c17",
              "width": 36,
              "height": 36
            },
            "large": {
              "url": "https://dl.airtable.com/.attachmentThumbnails/e203a678edb44da8c73ce01436d8b051/a464238b?ts=1654586294&userId=usrF6kLgBaja75CMj&cs=6c105c1cd30c0acc",
              "width": 512,
              "height": 512
            },
            "full": {
              "url": "https://dl.airtable.com/.attachmentThumbnails/0031495a98db3323c8eb0182e8907b4d/c226c92f?ts=1654586294&userId=usrF6kLgBaja75CMj&cs=15eb6cd9712989ce",
              "width": 3000,
              "height": 3000
            }
          }
        }
      ],
      "EAN 13": { "text": "376028009 0715" },
      "SIQO": ["BIO"],
      "DDM (mois)": 8,
      "UVC - Conditionnement": "sachet",
      "UVC - Poids/vol": 110,
      "UVC - Unité": "g",
      "Prix d'achat kg/g/L €HT": 27.27272727272727,
      "Unité d'achat(X*UV)": 6,
      "Tx TVA": 0.055,
      "Produit Pro": true,
      "Produit Particulier": true,
      "Tarif Particulier TTC": 5.064,
      "numéro": 1511,
      "Code Fournisseur (from Fournisseurs)": "FR69.0226",
      "Département (from Coordonnées Sociétés)": ["RHÔNE"],
      "Franco €": "€150",
      "DESIGNATION": "AMANDES - GRILLÉES SALÉES - BIO",
      "Conditionnement": "sachet 110 g",
      "Tarif Pro (HT)": 4.5,
      "Tarif Pro (HT) au Kg/L": 40.90909090909091,
      "Unité Vente": 1,
      "Tarif Particulier TTC Arrondi": 5.1000000000000005,
      "LABEL": [
        {
          "id": "attdzLJnjcNd0rRmE",
          "width": 1335,
          "height": 606,
          "url": "https://dl.airtable.com/.attachments/0e9e633af4f109241b1f6cc70f2cb0bc/fe8d7a9e/Capture-2.png?ts=1654586294&userId=usrF6kLgBaja75CMj&cs=aea7a14f8a72c9bc",
          "filename": "Capture-2.png",
          "size": 105113,
          "type": "image/png",
          "thumbnails": {
            "small": {
              "url": "https://dl.airtable.com/.attachmentThumbnails/5e394e47a9ef364059f4dd554b2473c3/1cd419bf?ts=1654586294&userId=usrF6kLgBaja75CMj&cs=2215178bbd0704ff",
              "width": 79,
              "height": 36
            },
            "large": {
              "url": "https://dl.airtable.com/.attachmentThumbnails/e8ae48781a550c1899f42cc102006df4/47cf57c9?ts=1654586294&userId=usrF6kLgBaja75CMj&cs=0f384d2befc8856f",
              "width": 1128,
              "height": 512
            },
            "full": {
              "url": "https://dl.airtable.com/.attachmentThumbnails/4b4f2305169a6254d9ae9f526c9dedef/b11e2141?ts=1654586294&userId=usrF6kLgBaja75CMj&cs=12316e7ecbc90f2c",
              "width": 3000,
              "height": 3000
            }
          }
        }
      ],
      "Image produits avec fond": [
        {
          "id": "att6bC1tIzYhpXSxe",
          "width": 575,
          "height": 575,
          "url": "https://dl.airtable.com/.attachments/b59a2cfe9c14c2881d20882feae9b7cd/94b0477b/1572885-47d62fca7f5f4b.jpg?ts=1654586294&userId=usrF6kLgBaja75CMj&cs=314f4a4c48653cb2",
          "filename": "1572885-47d62fca7f5f4b.jpg",
          "size": 21257,
          "type": "image/jpeg",
          "thumbnails": {
            "small": {
              "url": "https://dl.airtable.com/.attachmentThumbnails/b0bc3f7a70c90362aade9b0e81717e32/88e75187?ts=1654586294&userId=usrF6kLgBaja75CMj&cs=e889ef26555d9c17",
              "width": 36,
              "height": 36
            },
            "large": {
              "url": "https://dl.airtable.com/.attachmentThumbnails/e203a678edb44da8c73ce01436d8b051/a464238b?ts=1654586294&userId=usrF6kLgBaja75CMj&cs=6c105c1cd30c0acc",
              "width": 512,
              "height": 512
            },
            "full": {
              "url": "https://dl.airtable.com/.attachmentThumbnails/0031495a98db3323c8eb0182e8907b4d/c226c92f?ts=1654586294&userId=usrF6kLgBaja75CMj&cs=15eb6cd9712989ce",
              "width": 3000,
              "height": 3000
            }
          }
        }
      ],
      "Nom complet Produit pour formulaire de Mouvement de Stock": "sachet 110 g-AMANDES - GRILLÉES SALÉES - BIO//CROC//FR69.0226.01511",
      "Prix de vente € TTC conseillé": 5.06,
      "Prix de vente typeform € TTC": 5.6,
      "DESIGNATION TYPEFORM": "Amandes - grillées salées - 110g - BIO // 5.60€",
      "Hypothèse 15% marge px pro": 5.5852941176470585,
      "CATEGORIE/TYPE": "Épicerie salée>Snack",
      "Condi.": "sachet\n110 g",
      "Disponibilité": "En stock",
      "PRODUCTEUR": "CROC",
      "Spécificités": "Amandes",
      "Commande Fournisseurs": "FR69.0226-14/03/2022",
      "Désignation Produit": "AMANDES - GRILLÉES SALÉES - BIO - sachet 110 g",
      "Désignation Produit 1 ligne": "AMANDES - GRILLÉES SALÉES - BIO - sachet 110 g",
      "Unité de vente détaillée": "1 X 110 g",
      "Délais d'appro (jours) (from FOURNISSEUR)": "6",
      "Nom de la Société (from FOURNISSEUR)": "CROC",
      "Descriptif Producteur (from FOURNISSEUR)": "Depuis 2017, CROC, torréfie et transforme des fruits secs bio pour vous proposer des recettes salées et sucrées saines et pleines de goût. Notre gamme est 100% bio, principalement équitable et intégralement disponible en format vrac. Très attachés au savoir faire et au goût, nous choisissons les meilleures matières premières et travaillons en direct avec nos fournisseurs pour vous proposer la meilleure qualité sans concession sur le prix.",
      "Photos Producteurs (from FOURNISSEUR)": [
        {
          "id": "att3d1SGKjLXPJmSc",
          "width": 600,
          "height": 600,
          "url": "https://dl.airtable.com/.attachments/533cbbf9c926a4bc315296c3bb8992d8/9e2fd401/virginie-olivier-web-600x600.jpg?ts=1654586294&userId=usrF6kLgBaja75CMj&cs=772e6b03ca1f2acf",
          "filename": "virginie-olivier-web-600x600.jpg",
          "size": 62676,
          "type": "image/jpeg",
          "thumbnails": {
            "small": {
              "url": "https://dl.airtable.com/.attachmentThumbnails/c94639dfe17446a54b40e0756a1fe9cc/5faa26a9?ts=1654586294&userId=usrF6kLgBaja75CMj&cs=824c708b8d1214b5",
              "width": 36,
              "height": 36
            },
            "large": {
              "url": "https://dl.airtable.com/.attachmentThumbnails/31de9a9f5133222bf7b67144c5c3dca8/c07a7c5f?ts=1654586294&userId=usrF6kLgBaja75CMj&cs=60ba5bfd55839111",
              "width": 512,
              "height": 512
            },
            "full": {
              "url": "https://dl.airtable.com/.attachmentThumbnails/25d8f1d84b3233c11dcbd960c5957f8d/b0e5d88b?ts=1654586294&userId=usrF6kLgBaja75CMj&cs=576067acb95995b0",
              "width": 3000,
              "height": 3000
            }
          }
        }
      ],
      "Label (from FOURNISSEUR)": ["AB"],
      "LABEL LOGO (from FOURNISSEUR)": [
        {
          "id": "atthdViQyZ14LUu8l",
          "width": 1335,
          "height": 606,
          "url": "https://dl.airtable.com/.attachments/0d38d4bd251d74a58a370972d36e2d16/bbd1e6dd/Capture-2.png?ts=1654586294&userId=usrF6kLgBaja75CMj&cs=5613e82b554bf6db",
          "filename": "Capture-2.png",
          "size": 105113,
          "type": "image/png",
          "thumbnails": {
            "small": {
              "url": "https://dl.airtable.com/.attachmentThumbnails/d29e6895f30966e9dd650c26d42c694c/528b8acc?ts=1654586294&userId=usrF6kLgBaja75CMj&cs=4a7960b96ffd4eb6",
              "width": 79,
              "height": 36
            },
            "large": {
              "url": "https://dl.airtable.com/.attachmentThumbnails/43bc2d03176c12b59a06a15126d895c5/2d781fa8?ts=1654586294&userId=usrF6kLgBaja75CMj&cs=2d8a117035c3edfd",
              "width": 1128,
              "height": 512
            },
            "full": {
              "url": "https://dl.airtable.com/.attachmentThumbnails/c10f50df2e56d08c78870d0f258cabc7/c7210777?ts=1654586294&userId=usrF6kLgBaja75CMj&cs=bd975310d2340565",
              "width": 3000,
              "height": 3000
            }
          }
        }
      ],
      "Département (from FOURNISSEUR)": ["RHÔNE"],
      "Code Postal (from FOURNISSEUR)": "69007",
      "Ville (from FOURNISSEUR)": "Lyon",
      "STOCK DISPO (from Passerelle Stock vers BDD Produits/Producteurs)": "6",
      "Import CSV Shopify": "FR69.0226.01511",
      "Localisation (from FOURNISSEUR)": "69007 - LYON - RHÔNE"
    },
    "name": "Amandes - grillées salées",
    "weight": "sachet 110 g",
    "price": "3.00",
    "pricePerKg": "27.27",
    "stock": "En stock",
    "picture": "https://dl.airtable.com/.attachments/b59a2cfe9c14c2881d20882feae9b7cd/94b0477b/1572885-47d62fca7f5f4b.jpg?ts=1654586294&userId=usrF6kLgBaja75CMj&cs=314f4a4c48653cb2"
  },
  {
    "id": "recTt3NCVwo4BQVTH",
    "info": {
      "Code Produit QotQot": "FR42.0006.01526",
      "FOURNISSEUR": "Charles Chocolartisan",
      "Produit": "CHOCOLANOIR - Tablette de chocolat noir -origine équateur - 70%",
      "Catégorie": ["Épicerie sucrée"],
      "Type": ["Chocolats"],
      "Spécificité": "Noir",
      "Statut": "Référencé",
      "Dispo": "En stock",
      "Prix d'achat unitaire €HT": 3.5,
      "Descriptif Produit": "Découvrez notre merveilleuse tablette bean to bar origine Equateur. Un délice de chocolat fabriqué par nos dix doigts depuis la fève de cacao, jusqu'à votre dégustation finale. Notre chocolat noir 70% Equateur saura vous surprendre par ses notes très florales en bouche. Cette tablette a un poids net et gourmand de 80g.\n\nIngrédients\nMasse de cacao (pâte de cacao, beurre de cacao) 70%, sucre français, lécithine de tournesol, vanille de Madagascar. Cette tablette est fabriquée dans notre petit atelier, peut contenir des traces de lait, fruits à coques, d'arachides et de gluten.",
      "Image produits sans fond": [
        {
          "id": "attwS7ojIPQbdjWC0",
          "width": 234,
          "height": 414,
          "url": "https://dl.airtable.com/.attachments/a4d4dae030bd02c49c7d667c3f32385d/f0aac5f5/chocolat_quateur_noir.png?ts=1654586294&userId=usrF6kLgBaja75CMj&cs=cac9e08cf9d5f893",
          "filename": "chocolat_équateur_noir.png",
          "size": 134514,
          "type": "image/png",
          "thumbnails": {
            "small": {
              "url": "https://dl.airtable.com/.attachmentThumbnails/dc4643e9ce6307e29d1652c8a3a9006f/e5e58c72?ts=1654586294&userId=usrF6kLgBaja75CMj&cs=ed8125fccbf4419e",
              "width": 20,
              "height": 36
            },
            "large": {
              "url": "https://dl.airtable.com/.attachmentThumbnails/f4776d067750fdcbc58573b93a06715a/1d0bdfb3?ts=1654586294&userId=usrF6kLgBaja75CMj&cs=62635f8ddb5d60d9",
              "width": 234,
              "height": 414
            },
            "full": {
              "url": "https://dl.airtable.com/.attachmentThumbnails/c95041eb999203a52009821ea6c0d2c4/f1784664?ts=1654586294&userId=usrF6kLgBaja75CMj&cs=619046c878a575cb",
              "width": 3000,
              "height": 3000
            }
          }
        }
      ],
      "DDM (mois)": 24,
      "UVC - Conditionnement": "tablette",
      "UVC - Poids/vol": 80,
      "UVC - Unité": "g",
      "Prix d'achat kg/g/L €HT": 43.75,
      "Unité d'achat(X*UV)": 10,
      "Tx TVA": 0.055,
      "Produit Pro": true,
      "Produit Particulier": true,
      "Tarif Particulier TTC": 5.908,
      "numéro": 1526,
      "Code Fournisseur (from Fournisseurs)": "FR42.0006",
      "Département (from Coordonnées Sociétés)": ["LOIRE"],
      "Franco €": "€250",
      "DESIGNATION": "CHOCOLANOIR - TABLETTE DE CHOCOLAT NOIR -ORIGINE ÉQUATEUR - 70%",
      "Conditionnement": "tablette 80 g",
      "Tarif Pro (HT)": 5.25,
      "Tarif Pro (HT) au Kg/L": 65.625,
      "Unité Vente": 1,
      "Tarif Particulier TTC Arrondi": 6,
      "Image produits avec fond": [
        {
          "id": "attXE0FKnLmBXFDqc",
          "width": 1080,
          "height": 1080,
          "url": "https://dl.airtable.com/.attachments/35461332f1c9c364b00413c3e692271c/346d72ae/1423003-47d62aad55fc7a.jpg?ts=1654586294&userId=usrF6kLgBaja75CMj&cs=8d54c29217dc4fe5",
          "filename": "1423003-47d62aad55fc7a.jpg",
          "size": 56565,
          "type": "image/jpeg",
          "thumbnails": {
            "small": {
              "url": "https://dl.airtable.com/.attachmentThumbnails/ceaf1f954e2d55f8e9c54ab0fc480207/50f7a9fe?ts=1654586294&userId=usrF6kLgBaja75CMj&cs=14afae109754a815",
              "width": 36,
              "height": 36
            },
            "large": {
              "url": "https://dl.airtable.com/.attachmentThumbnails/57e35a39a43ac122474d6f90ca69fd5e/fc004235?ts=1654586294&userId=usrF6kLgBaja75CMj&cs=6b16df95bf93fb29",
              "width": 512,
              "height": 512
            },
            "full": {
              "url": "https://dl.airtable.com/.attachmentThumbnails/88bd8fea858453552e950f9765917067/865c6799?ts=1654586294&userId=usrF6kLgBaja75CMj&cs=f4175a12c7c0f96f",
              "width": 3000,
              "height": 3000
            }
          }
        }
      ],
      "Nom complet Produit pour formulaire de Mouvement de Stock": "tablette 80 g-CHOCOLANOIR - TABLETTE DE CHOCOLAT NOIR -ORIGINE ÉQUATEUR - 70%//Charles Chocolartisan//FR42.0006.01526",
      "Prix de vente € TTC conseillé": 7,
      "Prix de vente typeform € TTC": 5.9,
      "DESIGNATION TYPEFORM": "CHOCOLANOIR - Tablette de chocolat noir -origine équateur - 70% - 80g -  // 5.90€",
      "Hypothèse 15% marge px pro": 6.516176470588235,
      "CATEGORIE/TYPE": "Épicerie sucrée>Chocolats",
      "Condi.": "tablette\n80 g",
      "Disponibilité": "En stock",
      "PRODUCTEUR": "CHARLES CHOCOLARTISAN",
      "Spécificités": "Noir",
      "Commande Fournisseurs": "FR42.0006-14/03/2022",
      "Désignation Produit": "CHOCOLANOIR - TABLETTE DE CHOCOLAT NOIR -ORIGINE ÉQUATEUR - 70% - tablette 80 g",
      "Désignation Produit 1 ligne": "CHOCOLANOIR - TABLETTE DE CHOCOLAT NOIR -ORIGINE ÉQUATEUR - 70% - tablette 80 g",
      "Unité de vente détaillée": "1 X 80 g",
      "Délais d'appro (jours) (from FOURNISSEUR)": "10",
      "Nom de la Société (from FOURNISSEUR)": "Charles Chocolartisan",
      "Descriptif Producteur (from FOURNISSEUR)": "Pâtes à tartiner sans huile de palme.  - des produits trop bons à l'intérieur - avec des ingrédients naturels et de qualité - et un brin d'histoire aussi FABRICATION 100% FRANCAISE ! Le site de production Charles Chocolartisan se situe à Civens, un petit village du département de la Loire, non loin de Saint-Etienne et de Lyon. C’est ici que les plus grands secrets tartinés sont gardés ! Toutes les recettes sont fabriquées sur le territoire ligérien par les petites mains de nos écureuils, avec des matières premières issues de l'agriculture Française, lorsque cela est rendu possible bien sûr (plutôt complexe de cultiver le cacao dans son jardin).   BIENVEILLANCE ! C'est être bienveillant envers ceux et celles qui nous entourent et faire intervenir le plus possible les acteurs locaux. C'est aussi respecter l'environnement en utilisant seulement des produits sains et naturels. Enfin, être bienveillant c'est aussi prendre soin de TA santé, et celle de tous nos gourmands avec des pâtes à tartiner sans conservateur, sans arôme artificiel, sans additif chimique et SANS HUILE DE PALME. Roland CHARLES est chocolatier artisan depuis 2005. MAITRE ARTISAN",
      "Photos Producteurs (from FOURNISSEUR)": [
        {
          "id": "attlyCwSWsJVVaZIA",
          "width": 5184,
          "height": 3456,
          "url": "https://dl.airtable.com/.attachments/6eddd894aefe0270b2280f1454e78a73/f3e491d7/Made_In_Craft_spread?ts=1654586294&userId=usrF6kLgBaja75CMj&cs=c13819b84cfaff20",
          "filename": "Made_In_Craft_spread",
          "size": 2141430,
          "type": "image/jpeg",
          "thumbnails": {
            "small": {
              "url": "https://dl.airtable.com/.attachmentThumbnails/de6c90224f0151739c12abd7467357fd/c2bc654e?ts=1654586294&userId=usrF6kLgBaja75CMj&cs=96ce4f8bf32640fc",
              "width": 54,
              "height": 36
            },
            "large": {
              "url": "https://dl.airtable.com/.attachmentThumbnails/6bd8ecb64b9e96498a2fe1ee79e6f4d0/0b0c54db?ts=1654586294&userId=usrF6kLgBaja75CMj&cs=fcfa2d0146a5093e",
              "width": 768,
              "height": 512
            },
            "full": {
              "url": "https://dl.airtable.com/.attachmentThumbnails/ae7f4fdf8b25234b63bc4bec1298a6b9/646d8ec8?ts=1654586294&userId=usrF6kLgBaja75CMj&cs=4c70505f8b89b0b4",
              "width": 3000,
              "height": 3000
            }
          }
        }
      ],
      "Label (from FOURNISSEUR)": ["Maitre Artisan"],
      "LABEL LOGO (from FOURNISSEUR)": [
        {
          "id": "atteoANboPg1rt7qO",
          "width": 500,
          "height": 500,
          "url": "https://dl.airtable.com/.attachments/1666ef036bbf7ef0f736298627086a50/e835b947/d11187.png?ts=1654586294&userId=usrF6kLgBaja75CMj&cs=940682eef8138829",
          "filename": "d11187.png",
          "size": 24032,
          "type": "image/png",
          "thumbnails": {
            "small": {
              "url": "https://dl.airtable.com/.attachmentThumbnails/f4f7d5dbba88423af7f3d4db934f11bb/c318ffd2?ts=1654586294&userId=usrF6kLgBaja75CMj&cs=cc6c831b7b19ce6e",
              "width": 36,
              "height": 36
            },
            "large": {
              "url": "https://dl.airtable.com/.attachmentThumbnails/cc82b4b4a4afecd526f70be6b662d042/45f6edb2?ts=1654586294&userId=usrF6kLgBaja75CMj&cs=d98956868f0bdab5",
              "width": 500,
              "height": 500
            },
            "full": {
              "url": "https://dl.airtable.com/.attachmentThumbnails/e814e533d08305a5ca64aa5ee51b3c2c/8aa2f1a8?ts=1654586294&userId=usrF6kLgBaja75CMj&cs=5873acc6a6e85048",
              "width": 3000,
              "height": 3000
            }
          }
        }
      ],
      "Département (from FOURNISSEUR)": ["LOIRE"],
      "Code Postal (from FOURNISSEUR)": "42110",
      "Ville (from FOURNISSEUR)": "CIVENS",
      "STOCK DISPO (from Passerelle Stock vers BDD Produits/Producteurs)": "9",
      "Import CSV Shopify": "FR42.0006.01526",
      "Localisation (from FOURNISSEUR)": "42110 - CIVENS - LOIRE"
    },
    "name": "CHOCOLANOIR - Tablette de chocolat noir -origine équateur - 70%",
    "weight": "tablette 80 g",
    "price": "3.50",
    "pricePerKg": "43.75",
    "stock": "En stock",
    "picture": "https://dl.airtable.com/.attachments/a4d4dae030bd02c49c7d667c3f32385d/f0aac5f5/chocolat_quateur_noir.png?ts=1654586294&userId=usrF6kLgBaja75CMj&cs=cac9e08cf9d5f893"
  }
]
